2049 2830
737 734 1235 795 Praefatio.

75 915 134 975 In
158 953 279 977 museo
308 943 511 977 anatomico
543 942 781 985 Berolinensi,
830 942 1008 976 animalia
1038 942 1307 988 perscrutandi,
1346 941 1489 986 saepius
1519 938 1610 974 mihi
1640 937 1774 974 occasio
1798 935 1887 978 fuit.

81 990 205 1039 Quum
234 990 439 1025 hirundinis
473 991 657 1037 quondam
688 991 862 1032 arterias,
893 1002 1014 1025 massa
1036 992 1205 1029 §colorata
1247 990 1423 1035 impletas,
1452 989 1722 1036 investigarem,
1744 986 1889 1021 unicam

72 1040 324 1074 tantummodo
349 1040 527 1073 arteriam
549 1039 755 1080 carotidem,
781 1046 815 1073 et
840 1039 984 1084 quidem
1006 1039 1205 1080 sinistram,
1230 1051 1247 1073 e
1272 1046 1399 1072 trunco
1424 1049 1609 1085 anonymo
1641 1037 1788 1071 sinistro
1809 1045 1888 1067 sur-

70 1096 225 1136 gentem,
252 1088 382 1133 reperi.
437 1089 576 1129 Postea,
601 1095 780 1121 annuente
807 1088 863 1120 Ill.
890 1087 1133 1133 Rudolplzi,
1159 1089 1196 1121 in
1220 1088 1334 1121 variis
1359 1087 1481 1121 avium
1505 1084 1707 1134 generibus,
1731 1082 1888 1119 arterias

72 1136 248 1170 curiosius
284 1137 521 1181 perscrutavi,
557 1148 627 1181 quo
655 1148 856 1181 comper-ere
887 1136 1005 1177 velim,
1035 1145 1161 1170 utrum
1190 1134 1357 1182 pluribus
1385 1134 1512 1171 avibus
1542 1135 1581 1168 id
1614 1145 1799 1169 commune
1830 1132 1888 1165 sit.

76 1185 245 1218 Plurium
270 1185 395 1218 avium
419 1196 508 1218 vasa
533 1196 615 1218 cera
640 1184 752 1217 tincta
778 1185 935 1230 implevi,
971 1192 1011 1217 ut
1036 1185 1240 1218 accuratius
1263 1184 1419 1218 arterias
1444 1184 1712 1231 investigarem,
1742 1181 1889 1215 tramite

69 1245 162 1275 vero,
185 1231 373 1267 autoribus
398 1232 443 1266 iis
467 1232 704 1278 praescripta,
727 1231 933 1266 aberrentes
955 1233 1050 1275 vidi,
1079 1232 1314 1278 quamobrem
1339 1232 1487 1267 varium
1515 1230 1609 1266 hunc
1629 1242 1803 1265 vasorum
1828 1229 1889 1263 de-

69 1293 215 1315 cursum
248 1280 442 1315 describere
473 1292 583 1314 ausus
615 1292 707 1314 sum.
768 1282 848 1329 Quo
870 1278 1027 1328 facilius
1060 1282 1236 1315 intellectu
1257 1282 1312 1322 sit,
1346 1288 1462 1315 totum
1492 1280 1710 1314 arteriosum
1732 1286 1889 1325 systema

69 1328 281 1371 describere,
320 1341 392 1362 non
428 1329 588 1362 alienum
628 1328 719 1362 mihi
751 1330 870 1363 visum
900 1336 966 1371 est,
1000 1337 1054 1371 et,
1091 1328 1349 1375 adjuvantibus
1391 1330 1444 1362 1ll.
1479 1327 1714 1373 Rudolplzi
1747 1335 1781 1361 et
1819 1327 1888 1360 Cel.

71 1376 301 1419 Schlemm,
319 1385 498 1420 quantum
524 1377 614 1411 vires
638 1389 738 1411 meae
762 1378 988 1423 permittunt,
1019 1377 1070 1411 ad
1100 1378 1260 1411 arduum
1287 1376 1388 1411 hocce
1417 1388 1507 1422 opus
1538 1388 1595 1411 me
1620 1377 1780 1425 accingo.
1831 1376 1888 1408 Si-

69 1426 224 1471 quidem,
249 1429 291 1458 L.
316 1427 357 1458 Β.
382 1437 447 1466 res,
473 1425 511 1458 in
535 1425 599 1459 lzoc
624 1426 793 1471 opusculo
818 1433 1004 1467 tractatas,
1029 1438 1089 1459 eas
1113 1437 1185 1460 non
1211 1426 1380 1466 invenies,
1405 1437 1448 1459 ac
1472 1437 1544 1459 esse
1567 1426 1715 1470 possint,
1748 1437 1888 1472 magna

68 1486 113 1508 ex
132 1481 238 1520 parte
259 1474 298 1507 id
321 1474 375 1507 rei
396 1468 536 1518 clzfficili
559 1472 794 1508 tribuendum
813 1482 880 1516 est,
908 1474 1031 1508 autori
1055 1475 1182 1520 juveni
1205 1475 1387 1522 ignoscas,
1427 1474 1475 1508 Te
1512 1474 1684 1519 imploro,
1723 1472 1784 1507 ubi
1815 1484 1887 1507 non

67 1523 210 1569 majora
236 1534 278 1556 ac
303 1522 396 1556 vires
420 1522 646 1567 permittunt,
676 1523 909 1568 praestiterit.
1068 1524 1074 1531 ²

216 1570 346 1604 Anatis
377 1582 468 1604 vasa
499 1571 693 1616 praecipue
724 1571 911 1616 descripsi,
947 1571 1079 1616 quippe
1106 1582 1198 1616 quae
1218 1571 1354 1616 pluries
1387 1582 1467 1605 cera
1489 1569 1614 1612 rubra,
1647 1571 1805 1616 implevi,
1831 1571 1885 1604 ita

67 1627 106 1652 ut
128 1619 166 1652 in
187 1619 379 1659 nonnullis,
401 1618 450 1652 ad
474 1619 632 1652 minores
656 1620 829 1661 ramulos,
854 1631 937 1653 cera
956 1619 1208 1665 penetraverit.
1267 1620 1450 1662 Aliarum,
1482 1619 1661 1665 imprimis
1690 1620 1882 1661 minorum,

65 1668 202 1708 avium,
227 1663 383 1713 majores
409 1667 632 1700 solummodo
657 1668 813 1702 arterias
833 1668 982 1712 implere
1001 1668 1114 1714 potui,
1141 1679 1254 1713 quare
1279 1668 1429 1715 exiguos
1454 1679 1578 1702 eorum
1601 1668 1771 1709 ramulos,
1797 1669 1884 1702 ulte-

65 1715 143 1750 rius
165 1715 355 1763 indagare,
380 1713 471 1748 mihi
495 1726 567 1748 non
592 1716 754 1762 contigit.
811 1715 996 1758 Omnibus,
1027 1715 1092 1750 hoc
1117 1716 1155 1749 in
1182 1717 1362 1760 opusculo,
1387 1714 1516 1761 quibus
1539 1716 1700 1759 disserui,
1727 1728 1882 1751 commu-

65 1764 128 1798 nia
152 1771 245 1806 sunt⁷
272 1763 343 1796 nisi
366 1763 533 1810 singulas
556 1763 753 1797 nominavi.

218 1811 346 1846 Cordis
369 1811 652 1858 descriptionem,
672 1812 843 1859 plurimis
867 1811 910 1847 de
933 1813 1114 1849 zootomia
1140 1810 1338 1855 autoribus,
1364 1810 1590 1857 exhaustam,
1616 1814 1730 1849 omisi.
