2049 2830
874 206 1160 251 -13-

118 337 193 357 :tura
215 325 356 355 duodeni
376 324 521 360 decurrit,
545 328 576 353 et
599 333 672 352 cum
691 331 779 350 ramo
803 322 933 349 sinistro
957 320 1102 349 confluit.
1147 320 1269 350 Ramus
1292 322 1432 357 sinister,
1458 322 1590 351 initium
1613 323 1763 355 intestini
1785 323 1928 356 duodeni

120 370 185 400 adit
209 374 241 399 et
259 378 382 397 ramum
404 368 504 396 mittit
522 365 562 395 ad
583 367 738 405 parietem
755 365 912 403 posticam
934 363 1120 393 ventriculi.

962 445 989 485 ς.
1034 445 1082 476 19.

647 511 691 544 A.
735 512 1034 545 mesenterica
1071 510 1288 557 superior
1321 508 1397 556 23).

831 582 858 611 Ι.
903 582 918 610 Ι
943 593 965 611 n
1008 581 1034 611 A
1057 593 1078 611 n
1101 593 1118 612 a
1139 589 1153 612 t
1177 593 1204 612 e.

268 643 354 671 Haec
377 652 500 670 ramum
521 643 714 670 anteriorem
736 640 914 669 secundum
935 640 972 670 A.
999 647 1108 671 aortae
1133 640 1370 676 descendentis,
1392 642 1485 671 sistit.
1531 641 1632 681 Prope
1653 641 1821 680 originem,
1845 651 1862 670 e
1882 641 1930 669 la-

118 691 186 716 tere
205 688 273 725 ejus
296 687 424 714 sinistro
453 684 515 713 duo
543 686 690 713 oriuntur
711 685 802 717 rami,
827 694 965 721 quorum
988 686 1121 723 primus,
1153 686 1266 719 minor,
1296 689 1420 723 partem
1448 685 1645 723 superiorem
1667 685 1815 712 intestini
1838 685 1930 718 recti,

118 730 270 757 intestina
293 735 403 764 coeca3
426 726 597 760 secundus,
617 729 729 764 major,
757 731 882 764 partem
909 725 1096 754 inferiorem
1129 728 1279 754 intestini
1301 728 1399 754 crassi
1419 731 1451 755 et
1477 727 1635 755 intestina
1663 735 1758 754 coeca
1786 734 1929 766 quoque,

120 770 194 799 adit.
239 770 323 797 Tum
345 769 382 798 A.
413 770 623 797 mesenterica
648 770 803 807 superior,
831 770 866 796 in
895 767 996 796 latere
1026 768 1132 797 dextro
1160 770 1195 796 in
1221 767 1365 797 10—12.
1385 778 1501 803 ramos,
1531 772 1669 796 tractum
1700 769 1930 796 intestinorum

119 810 343 850 adgredientes,
367 809 568 850 dispescitur.
599 811 636 840 A.
662 812 873 839 mesenterica
893 812 1047 849 superior,
1069 813 1104 838 in
1129 810 1261 838 Gallina
1280 810 1392 840 eodem
1414 810 1510 839 modo
1532 809 1683 840 decurrit.
1730 808 1769 839 In
1789 809 1932 838 Falcone

117 854 219 882 Milvo
244 859 361 886 autem,
385 853 579 882 dextrorsum
600 863 724 882 ramum
743 854 844 881 mittit
864 852 904 880 ad
926 854 1081 880 intestina
1111 862 1217 886 coeca,
1247 857 1279 880 et
1307 856 1377 880 tum
1406 852 1549 881 ramulos
1578 862 1651 881 suos
1675 851 1713 881 ad
1735 856 1861 881 caetera
1883 852 1934 879 in·

117 897 236 924 testina
255 895 414 934 dispergit.

957 957 983 992 ς.
1027 955 1079 984 20.

267 1019 306 1047 In
329 1019 469 1048 Falcone
493 1019 591 1048 milvo
615 1018 702 1047 infra
729 1017 766 1047 A.
782 1020 1027 1048 mesentericam
1054 1021 1262 1058 superiorem,
1292 1021 1447 1058 utrinque
1475 1028 1512 1048 ex
1534 1016 1571 1048 A.
1601 1022 1688 1047 aorta
1715 1016 1932 1047 descendente

119 1061 138 1090 2
160 1077 201 1084 —·
220 1060 250 1092 3.
270 1060 307 1091 A.
330 1064 551 1101 spermaticae,
571 1067 668 1090 testes
690 1060 853 1096 adeuntes,
877 1063 1025 1090 oriuntur
1050 1061 1112 1099 2¹³).

957 1145 984 1181 §.
1028 1143 1081 1174 21.

826 1206 852 1236 I.
917 1207 980 1235 In
1022 1205 1218 1236 Anate.

265 1266 307 1294 In
326 1270 463 1303 utroque
483 1264 584 1294 latere
607 1264 642 1294 A.
665 1271 771 1294 aortae
793 1265 1026 1299 descendentis,
1053 1267 1137 1292 circa
1165 1265 1346 1293 vertebram
1368 1263 1454 1293 dorsi
1474 1263 1624 1292 ultimam
1650 1263 1690 1293 A.
1719 1262 1840 1293 renalis
1870 1265 1932 1292 ori-

119 1314 181 1344 tur,
205 1307 243 1338 ad
262 1308 373 1337 lobum
393 1309 477 1336 renis
492 1309 689 1346 superiorem
701 1307 854 1346 dispersa,
878 1317 942 1345 qua
956 1307 1134 1335 nonnullae
1148 1309 1282 1336 arteriae
1293 1308 1504 1345 spermaticae
1522 1307 1650 1345 exiguae
1672 1305 1829 1335 decedunt
1844 1305 1909 1342 ²⁵).

570 1369 615 1398 11.
681 1370 745 1398 In
797 1369 1050 1398 Gallina
1092 1369 1471 1408 gallinacea.

267 1426 302 1457 A.
323 1428 440 1457 renalis
464 1429 604 1461 sinistra,
625 1426 664 1457 A.
690 1428 728 1456 ad
755 1428 942 1458 oviductum
965 1429 1060 1466 exigit
1080 1430 1225 1467 primam,
1256 1438 1340 1465 quae
1370 1437 1475 1457 ramos
1500 1427 1611 1464 mittit,
1638 1425 1678 1456 ad
1705 1425 1817 1455 lobum
1845 1427 1931 1455 renis

120 1473 310 1512 superiorem
331 1476 364 1499 et
391 1472 534 1500 ovarium
558 1471 657 1508 atque
686 1481 758 1499 cum
779 1470 815 1500 A.
839 1470 982 1501 oviducti
1005 1470 1142 1498 secunda
1173 1471 1400 1498 communicat.

664 1533 724 1562 III.
769 1533 830 1563 In
877 1533 1141 1561 Falcone
1184 1532 1373 1562 milvo.

268 1590 307 1619 A.
328 1591 446 1619 renalis
470 1591 577 1619 eodem
602 1591 695 1620 modo
719 1592 857 1621 decurrit
882 1601 919 1620 ac
949 1601 986 1618 ea
1018 1589 1143 1622 Anatis.

961 1675 986 1710 ς.
1027 1673 1079 1702 22.

269 1729 360 1768 Tum]
389 1731 565 1760 nonnullae
601 1730 636 1762 A.
670 1732 827 1761 lumbales
857 1734 1010 1770 utrinque
1046 1731 1133 1760 infra
1171 1741 1265 1761 renes
1302 1731 1503 1761 decurrentes
1533 1741 1570 1760 ex
1603 1729 1644 1760 A.
1683 1735 1771 1761 aorta
1802 1729 1932 1760 descen·

125 1774 227 1809 dente,
251 1776 407 1804 oriuntur.

960 1842 987 1878 ς.
1030 1839 1082 1869 23.

726 1904 770 1937 A.
792 1904 946 1936 cruralis
970 1915 997 1936 s.
1019 1901 1216 1948 femoralis
1244 1900 1317 1946 2ὅ).

272 1965 397 1995 Lobulo
427 1967 590 2005 superiore
614 1969 698 1996 renis
725 1970 775 1997 sui
806 1968 912 1997 lateris
940 1973 1036 2002 tecta,
1068 1967 1153 1995 infra
1183 1967 1396 2006 ligamentum
1422 1965 1587 2005 Paupartii
1616 1963 1795 1998 decurrens,
1826 1963 1934 1993 femur

129 2007 202 2039 adit.
245 2009 336 2036 Intra
358 2018 471 2037 cavum
494 2008 676 2038 abdominis
698 2012 732 2038 in
753 2009 856 2038 Anate
875 2016 907 2039 et
929 2010 1066 2039 Falcone
1088 2010 1150 2038 duo
1174 2011 1322 2038 oriuntur
1341 2009 1433 2036 rami.

274 2049 305 2086 1)
327 2048 361 2078 A.
385 2052 573 2088 epigastrica
597 2051 669 2089 ²⁷);
690 2054 726 2080 in
747 2055 889 2091 margine
913 2055 1075 2091 superiore
1098 2053 1177 2080 ossis
1197 2052 1292 2091 pubis
1316 2050 1465 2083 decurrit,
1484 2049 1625 2078 ramulos
1648 2049 1749 2077 mittit
1772 2047 1810 2076 ad
1831 2052 1934 2076 urete-

127 2102 200 2127 rcm,
219 2102 274 2121 vas
298 2091 455 2126 deferens,
476 2092 649 2128 nonnulos,
669 2094 752 2124 MM.
777 2095 957 2124 abdominis
981 2094 1190 2123 ascendentes
1223 2098 1256 2123 et
1285 2103 1358 2122 etun
1387 2091 1524 2121 surculis
1548 2089 1585 2123 A.
1607 2091 1813 2121 mammariae
1836 2091 1933 2118 inter·

128 2144 197 2167 nae,
219 2134 428 2162 confluentes.

275 2239 319 2273 23)
339 2239 533 2271 Tiedemann,
551 2238 569 2263 l.
590 2247 615 2263 c.
635 2238 662 2270 ᾗ.
683 2234 744 2263 504.
820 2245 822 2248 ’
897 2236 1011 2268 Cuvier,
1039 2236 1058 2261 1.
1081 2245 1105 2261 c.
1129 2244 1158 2270 p.
1178 2234 1240 2270 269.

274 2274 319 2305 24)
339 2273 531 2304 Tiedemann,
551 2272 571 2297 1.
593 2281 616 2296 c.
638 2273 660 2304 5.
680 2273 741 2298 505.
895 2271 1010 2302 Cuvier‚
1034 2271 1054 2296 1.
1077 2279 1099 2296 c.
1120 2279 1150 2304 pn
1172 2272 1233 2298 209.
1299 2303 1301 2305 Ι

275 2307 320 2336 2⁵)
338 2307 531 2337 Tiedemann,
551 2305 621 2331 ibid.
821 2310 824 2311 ’
1256 2306 1259 2307 ’

275 2340 320 2373 26)
342 2341 455 2372 Cuvier,
476 2341 495 2365 l.
517 2350 542 2365 c.
562 2349 590 2373 p.
613 2340 672 2368 270.

271 2374 318 2408 27)
340 2375 532 2407 Tiedemann,
551 2374 571 2399 l.
594 2382 617 2398 c.
641 2374 665 2405 ἓ.
685 2373 746 2399 505.
768 2374 791 2398 1.
