2064 2891
948 242 1228 285 -24...

148 375 151 379 .
182 352 295 381 Osann
318 349 358 380 de
379 350 514 378 materia
536 347 670 377 medica.
718 345 786 376 Cel.
810 346 862 375 Fr.
887 345 1053 375 Hufeiand
1083 345 1122 375 de
1152 345 1299 385 therapia
1328 344 1470 385 generali
1501 351 1533 376 et
1555 341 1707 386 specialis
1741 347 1793 377 111,
1816 347 1932 378 Koreff
1951 349 1990 379 de

181 392 392 434 physiologia.
433 390 485 420 Ill.
509 390 561 420 W.
586 389 751 419 Huseland
771 388 810 417 de
831 388 977 428 therapia
997 389 1128 428 speciali
1151 393 1183 417 et
1203 389 1483 422 exercitationibus
1505 388 1642 417 clinicis.
1684 388 1737 418 Ill.
1763 390 1853 419 Horn
1876 391 1915 420 de
1935 401 1990 430 pa-

181 435 324 473 thologia
345 438 378 462 et
394 433 540 473 therapia
561 432 705 472 speciali.
750 430 813 460 Cel.
835 430 975 469 Wagner
1006 430 1046 459 de
1074 429 1260 470 pathologia
1290 430 1438 470 thel-apia
1466 435 1497 460 et
1522 432 1659 459 materia
1685 430 1808 460 medica
1835 433 1988 472 generali.

181 476 231 506 Ill.
256 475 434 512 Graefesde
457 475 615 513 chirurgia
637 473 781 514 speciali,
800 472 854 504 Ill.
876 472 959 501 Rust
980 472 1021 502 de
1044 473 1195 511 akiurgia.
1248 472 1314 501 Cel.
1343 473 1515 502 Neumann
1540 474 1824 503 exercitationibus
1854 475 1990 508 elinicis,

185 517 249 548 Cel.
272 516 443 557 Juengken
466 516 505 546 de
528 516 694 545 oculorum
714 514 845 544 morbis.

329 559 401 589 Jam
421 569 495 589 vero
516 560 696 588 tentamine
717 562 750 586 et
773 557 1084 596 examine-rigoroso
1113 567 1219 586 coram
1244 558 1381 596 gratioso
1413 556 1610 587 medicorum
1641 557 1752 587 ordine
1779 560 1840 586 rite
1868 558 1993 586 absolu-

181 604 232 637 τίς,
255 611 359 641 spero,
377 600 447 630 fore
470 606 517 634 ut,
540 599 763 629 dissertatione
785 599 997 638 thesibusque
1011 599 1141 639 publice
1159 598 1311 636 defensis,
1332 600 1449 628 summi
1468 601 1503 628 in
1519 599 1682 628 medicina
1705 605 1737 629 et
1759 599 1918 639 chirurgia
1940 599 1993 629 ho-

182 653 276 673 nores
298 645 334 671 in
354 653 406 672 me
429 642 645 672 conferantur.

542 1029 874 1075 THESES
934 1029 1646 1076 DEFENDENDAE.

1076 1171 1101 1201 1.

336 1253 442 1284 Causa
461 1254 625 1284 vacuitatis
647 1254 830 1285 arteriarum
849 1261 920 1294 post
942 1261 1069 1284 mortem
1090 1254 1121 1284 in
1138 1253 1281 1295 pulmone
1303 1265 1362 1283 non
1384 1253 1564 1294 requirenda
1589 1264 1641 1283 esc.

1064 1350 1106 1381 Π.

337 1435 438 1467 Causa
460 1436 601 1477 proxima
622 1444 651 1466 et
662 1433 765 1479 febris
792 1444 822 1466 et
842 1435 1094 1479 inflammationis
1113 1436 1261 1467 sthenicae
1284 1435 1386 1466 eadem
1410 1445 1456 1464 esc.

1060 1535 1118 1567 111.

336 1617 411 1649 Bilis
431 1618 463 1649 in
484 1618 575 1649 ictero
604 1629 664 1648 non
685 1617 864 1649 resorbetur.
