2049 2830
910 181 1192 224 ..24-

158 296 273 323 „iorem
297 290 416 320 cerebri
433 287 657 328 proficiscitur,
689 295 759 314 cum
784 284 897 323 eodem
919 283 1050 312 alterius
1079 283 1189 311 lateris
1217 283 1421 321 conjunctus,
1446 284 1486 311 ‘in
1515 282 1621 322 medio
1651 283 1964 325 hemisphaeriorum

159 336 280 366 cerebri
303 331 455 365 ascendit,
477 336 509 359 et
532 340 603 358 cum
626 327 761 356 surculis
784 326 821 355 A.
844 326 951 355 fossae
971 326 1074 364 Sylvii
1095 325 1240 355 confluit.
1281 324 1527 364 Nonnunquam
1549 331 1687 366 uterque
1707 337 1815 357 ramus
1838 338 1965 368 separa-

157 380 216 407 tim
240 387 275 405 ex
297 377 334 404 A.
359 373 499 402 carotide
520 370 675 400 cerebrali
697 371 807 398 oritur.
1282 402 1284 406 y
1739 398 1741 401 Ι

304 416 338 454 2)
362 414 398 443 Α.
423 414 528 443 fossae
549 413 659 451 Sylvii.
719 410 834 439 Inflexa
857 411 893 438 in
919 409 1035 438 faciem
1058 410 1257 448 superiorem
1283 407 1516 449 hemisphaerii
1543 411 1597 439 sui
1619 410 1730 439 lateris
1753 411 1908 447 ascendit,
1931 414 1967 441 in

156 460 261 491 medio
282 461 349 496 ejus
373 462 528 489 arcuatur,
550 464 651 493 usque
670 451 710 481 ad
730 462 898 492 processus
919 452 1149 480 mammillares
1175 451 1242 480 fere
1264 451 1416 490 procedit,
1445 457 1478 481 et
1500 463 1574 481 cum
1602 452 1716 482 eadem
1737 452 1846 482 lateris
1869 464 1968 494 oppo-

157 505 211 532 siti
233 501 377 530 confluit.
422 498 577 526 Ramulus
608 494 751 533 quidam,
781 494 821 522 ad
848 494 932 523 latus
960 494 1192 534 hemisphaerii
1220 493 1404 528 decurrens,
1441 504 1542 535 prope
1570 505 1739 535 processus
1769 496 1967 526 mamillares

158 543 284 577 surculo
305 543 344 571 A.
370 542 508 579 corporis
529 538 640 567 callosi
666 537 874 566 inosculatur.
1865 562 1867 564 ι

301 582 340 620 ὃ)
363 582 397 610 Α.
422 582 560 620 corporis
583 579 703 607 callosi.
746 578 832 607 Ante
859 578 899 608 N.
924 580 1078 618 opticum,
1099 588 1136 606 ex
1155 576 1192 606 A.
1219 577 1360 607 carotide
1386 578 1546 607 cerebrali
1566 584 1648 613 orta,
1679 578 1720 608 ad
1746 578 1890 609 medium
1914 579 1968 610 he-

158 627 421 667 misphaeriorum
443 625 544 661 vergit
572 627 604 650 et
631 631 704 649 eum
730 621 843 650 eadem
872 621 1003 649 alterius
1032 621 1141 649 lateris
1169 621 1322 659 jungitur.
1380 618 1535 650 surculus
1566 632 1601 650 ex
1623 621 1685 650 hac
1705 624 1828 651 unione
1853 623 1968 658 oriens,

159 679 253 708 snpra
275 667 415 696 chiasma
436 665 474 696 N.
499 666 688 704 opticorum,
712 663 842 692 cerebro
866 674 901 692 se
922 665 1094 701 immergit.
1138 662 1176 692 A.
1197 664 1338 702 corporis
1371 662 1484 691 callosi
1510 663 1587 692 dein
1615 663 1654 692 ad
1676 674 1844 703 processus
1868 673 1970 693 mam·

158 711 298 742 millares
320 706 475 748 procedit,
503 708 538 735 in
569 706 648 735 duos
679 705 833 736 dividitur
859 706 1010 742 ramulos,
1042 705 1117 735 illos
1147 706 1436 745 circumcingentes
1466 710 1498 734 et
1525 716 1600 735 cum
1629 706 1767 735 surculis
1795 705 1832 736 A.
1863 705 1970 735 fossae

160 754 262 792 Sylvii
286 750 496 779 confluentes.

307 789 340 828 4)
362 791 398 820 A.
430 790 660 830 ophthalmica.
711 789 948 831 Progrediondo
978 792 1152 819 introrsum
1181 791 1295 827 vergit,
1333 799 1418 828 pone
1446 800 1617 829 processus
1645 789 1878 819 mammillares
1907 789 1971 818 sibi

161 837 469 876 appropinquantur,
490 833 643 861 laminam
665 833 966 871 perpendicularem
988 834 1067 860 ossis
1082 831 1258 860 ethmoidei
1281 831 1456 870 perforant,
1479 832 1653 861 nonnullas
1673 830 1713 861 A.
1730 832 1857 862 ciliares
1879 834 1972 865 emit·

159 884 241 913 tunt,
267 883 298 906 et
318 887 391 904 cum
409 886 496 904 ramo
519 875 556 904 A.
577 874 778 903 ethmoideae
799 875 838 911 (ς.
861 873 890 903 9.
915 872 957 910 6.)
981 874 1158 902 confluunt.

309 918 503 955 5)⁷Ramum
526 919 695 955 posticum,
725 916 764 944 A.
790 918 1043 944 communicanti
1069 914 1330 955 comparandum.
1372 914 1419 943 Ex
1448 913 1486 945 A.
1509 916 1651 945 carotide
1675 915 1839 950 cerebrali,
1861 917 1969 945 cranio

159 963 310 995 immissa,
335 961 493 998 provenit,
517 961 688 987 introrsum
710 960 822 997 vergit,
851 969 923 987 cum
952 957 1064 987 eodem
1091 958 1223 986 alterius
1252 957 1359 986 lateris
1388 959 1542 996 jungitur,
1572 964 1604 987 et
1632 956 1668 986 A.
1692 958 1864 987 basilarem
1896 968 1971 986 con-

160 1005 262 1033 struit.
308 1002 410 1041 Prope
429 1003 593 1040 originem,
612 998 648 1030 A.
669 999 863 1039 profundam
883 1000 1016 1035 cerebri,
1046 1002 1132 1028 inter
1157 1005 1291 1038 pontem
1316 999 1439 1028 Varolii
1469 1005 1502 1029 et
1525 1000 1705 1028 thalamum
1735 1000 1774 1028 N.
1798 1001 1898 1039 optici
1919 999 1971 1028 de-

161 1050 346 1077 currentem,
370 1045 480 1071 mittit.
525 1043 610 1070 Haec
634 1052 871 1080 nonnunquam
895 1053 930 1070 ex
948 1040 984 1070 A.
1009 1041 1150 1070 carotide
1172 1040 1328 1070 cerebrali
1350 1043 1420 1080 ipsa
1440 1047 1547 1070 ortum
1569 1041 1666 1070 ducit.

307 1085 342 1113 A.
363 1085 518 1113 basilaris.
563 1084 601 1113 Iu
622 1084 727 1112 medio
750 1089 848 1123 ponte
869 1083 993 1112 Varolii
1018 1083 1175 1112 collocata
1198 1088 1246 1111 est
1273 1088 1304 1111 et
1326 1084 1360 1111 in
1383 1088 1445 1112 tres
1464 1086 1601 1123 partitur
1623 1093 1739 1117 τειωοε,
1767 1084 1803 1111 in
1823 1081 1861 1114 A.
1886 1092 1970 1112 cere-

160 1129 239 1158 belli
262 1128 430 1156 inferiores
457 1126 593 1154 dextram
619 1131 650 1154 et
673 1128 846 1159 sinistram,
867 1130 899 1153 et
925 1124 960 1154 A.
984 1125 1143 1165 spinalem
1166 1127 1314 1153 anticam.

307 1169 344 1197 A.
368 1168 520 1197 cerebelli
539 1167 685 1201 inferior,
707 1168 821 1196 inssexa
841 1169 878 1195 in
900 1167 1069 1206 superficie
1082 1172 1211 1196 externa
1231 1168 1339 1205 pontis
1360 1166 1484 1195 Varolii
1506 1176 1633 1196 sursum
1655 1167 1768 1201 fertur,
1788 1169 1872 1195 inter
1893 1177 1972 1206 pon-

159 1219 223 1241 tem
249 1217 280 1240 et
301 1210 495 1239 cerebellum
518 1220 641 1237 ramum
672 1211 801 1241 emittit,
829 1211 864 1236 in
888 1208 994 1237 medio
1022 1208 1119 1246 hujus
1150 1219 1223 1236 cum
1254 1218 1291 1236 eo
1325 1208 1435 1236 lateris
1462 1211 1602 1248 oppositi
1633 1210 1860 1242 confluentem,
1883 1214 1915 1237 et
1936 1211 1972 1237 in

160 1252 468 1291 medio‘superficiei
487 1253 672 1290 posterioris
697 1250 850 1279 cerebelli
873 1250 1104 1278 decurrentem.
1148 1250 1281 1278 Ramuli
1310 1249 1407 1287 hujus
1434 1251 1586 1288 nonnulli
1614 1250 1792 1280 medullam
1820 1250 1972 1290 oblonga·

158 1302 225 1326 tam
247 1295 373 1324 adeunt.

310 1335 344 1364 A.
372 1334 523 1363 cerebelli
542 1333 674 1363 inferior
691 1339 761 1362 tum
790 1332 992 1372 superficiem
1015 1338 1175 1361 externam
1197 1335 1296 1371 partis
1320 1333 1473 1362 cerebelli
1495 1335 1530 1362 in
1553 1333 1650 1363 fovea
1674 1335 1753 1363 ossis
1776 1332 1894 1373 petrosi
1915 1343 1971 1373 po-

159 1382 240 1409 sitae
264 1377 435 1416 (Floceuli)
461 1376 621 1409 asceduut,
642 1376 689 1404 ibi
712 1381 895 1410 arcuantur,
919 1377 955 1403 in
975 1375 1147 1413 superficie
1170 1375 1258 1402 illius
1280 1376 1406 1403 interna
1426 1375 1464 1403 ad
1485 1376 1682 1405 cerebellum
1705 1375 1913 1411 descendunt,
1936 1377 1971 1404 in

162 1422 277 1462 angulo
301 1419 449 1448 cerebelli
473 1423 597 1447 externo
620 1420 737 1446 iterum
757 1427 882 1445 sursum
901 1422 1046 1455 vergunt,
1067 1422 1099 1445 et
1121 1419 1156 1444 in
1177 1416 1261 1445 facie
1283 1416 1379 1454 hujus
1400 1419 1524 1456 postica
1556 1417 1802 1447 distribuuntur.

311 1463 341 1498 c)
364 1460 400 1490 A.
421 1460 554 1500 spinalis
581 1462 700 1496 antica;
722 1469 829 1487 ramus
851 1458 976 1488 medius
996 1457 1034 1487 A.
1060 1458 1219 1492 basilaris,
1243 1458 1283 1487 ad
1304 1457 1481 1488 medullam
1503 1459 1662 1499 spinalem
1683 1459 1907 1499 proficiscitur.

721 1521 763 1552 ΙΙ.
828 1521 887 1551 In
923 1521 1179 1550 Falcone
1219 1521 1407 1550 milvo.

311 1582 342 1618 1)
366 1582 486 1609 Eamus
510 1580 697 1609 choroideus
717 1582 752 1609 in
772 1585 835 1609 tres
858 1579 1012 1609 dividitur
1033 1580 1184 1608 ramulos.

312 1626 342 1660 a)
362 1623 535 1651 Ramulum
558 1623 596 1650 ad
614 1622 792 1650 thalamum
811 1622 848 1650 N.
870 1623 986 1661 optici,
1025 1622 1060 1658 b)
1082 1622 1123 1649 In
1139 1622 1311 1656 ramulum,
1336 1623 1372 1649 in
1391 1620 1562 1659 superficie
1585 1623 1744 1651 anteriore
1770 1623 1909 1652 thalami
1934 1624 1972 1653 N.

163 1669 262 1708 optici
281 1666 514 1699 decurrentem,
536 1670 568 1693 et
590 1664 707 1693 faciem
731 1669 891 1693 externam
908 1664 1060 1693 cerebelli
1078 1668 1239 1703 petentem
1261 1669 1303 1697 et,
1326 1664 1355 1700 c)
1376 1665 1411 1691 in
1429 1662 1600 1697 ramulum,
1624 1665 1682 1701 qui
1702 1665 1737 1691 iu
1749 1664 1850 1691 latera
1867 1667 1972 1701 poste-

163 1713 247 1739 riore
266 1707 492 1747 hemisphaerii
516 1706 714 1745 dispergitur,
737 1717 809 1734 cum
830 1716 867 1735 eo
890 1706 1000 1735 lateris
1020 1708 1161 1745 oppositi
1182 1705 1326 1741 confluit,
1349 1710 1380 1734 et
1404 1707 1439 1733 in
1461 1709 1551 1744 parte
1581 1706 1758 1743 posteriore
1787 1705 1897 1733 lateris
1921 1714 1972 1732 su-

164 1754 295 1792 perioris
317 1749 438 1778 cerebri
459 1748 668 1776 distribuitur.

312 1791 346 1819 A.
366 1792 479 1819 carotis
500 1790 669 1818 cerebralis
694 1789 810 1818 deinde
832 1791 868 1818 in
890 1789 969 1819 dnos
989 1789 1145 1819 dividitur
1167 1799 1288 1825 ramos;
1309 1786 1346 1817 A.
1359 1787 1466 1816 fossae
1483 1787 1585 1826 Sylvii
1605 1792 1637 1816 et
1658 1786 1695 1817 A.
1708 1787 1970 1827 ophthalmicam.

313 1833 346 1870 2)
371 1832 405 1860 A.
426 1832 530 1860 fossae
552 1831 655 1869 Sylvii
676 1842 786 1860 versus
814 1842 979 1870 processus
1005 1831 1234 1860 mammillares
1270 1830 1425 1870 procedit,
1454 1831 1489 1858 in
1513 1829 1686 1869 superficie
1709 1831 1869 1859 anteriore
1890 1840 1976 1858 cere-

166 1878 216 1905 bri
235 1886 361 1905 sursum
382 1874 494 1906 fertur,
514 1879 685 1901 retrorsum
709 1874 857 1907 decurrit,
878 1879 909 1902 et
930 1876 964 1901 in
983 1873 1066 1902 latus
1091 1875 1236 1912 superius
1260 1872 1382 1901 cerebri
1414 1871 1559 1901 surculos
1585 1871 1746 1911 dispergit.

312 1916 345 1952 ὃ)
369 1916 403 1944 A.
428 1914 661 1954 ophthalmica;
693 1915 804 1944 eodem
834 1915 929 1944 modo
953 1926 988 1944 ac
1019 1926 1057 1944 ea
1079 1913 1193 1944 Anatis
1224 1915 1375 1944 decurrit.
1421 1912 1458 1943 A.
1485 1915 1624 1953 corporis
1655 1914 1767 1943 callosi
1790 1924 1826 1943 ex
1845 1913 1905 1943 hac
1928 1923 1976 1943 01·-

165 1966 233 1989 tum
253 1959 350 1988 ducit.

314 1997 347 2036 4)
370 1998 404 2027 A.
425 2000 677 2032 communicans,
706 2009 811 2027 ramus
839 2001 1004 2038 posterior,
1038 1998 1152 2028 eodem
1182 1997 1276 2027 modo
1307 1997 1470 2031 sehabet,
1494 2007 1529 2026 ac
1551 1999 1586 2026 in
1607 1996 1720 2026 Anate.
1766 1995 1800 2027 A.
1826 1997 1977 2026 cerebelli

168 2043 311 2076 inferior,
333 2053 368 2070 ex
389 2041 448 2068 hac
473 2042 675 2079 proveniens,
698 2041 808 2069 eodem
831 2041 924 2070 modo
947 2040 1095 2075 decurrit,
1118 2041 1265 2070 canalem
1287 2049 1362 2070 vero
1384 2041 1463 2069 ossis
1487 2041 1606 2079 petrosi
1634 2041 1744 2073 intrat,
1772 2049 1845 2068 eum
1868 2044 1975 2068 autem

169 2087 284 2114 iterum
313 2083 480 2123 egreditur,
510 2092 544 2110 ac
575 2082 724 2120 (lenique,
753 2088 789 2111 ut
810 2092 846 2111 ea
875 2081 1003 2117 Anatis,
1035 2083 1189 2122 angulum
1220 2089 1380 2113 externum
1412 2082 1564 2112 cerebelli
1593 2083 1685 2122 petit.
1729 2081 1868 2110 Ramum
1892 2083 1977 2110 inter

168 2132 298 2166 pontem
316 2125 438 2155 Varolii
461 2129 492 2153 et
511 2124 717 2158 cerebellum,
741 2126 789 2153 uti
811 2126 846 2152 in
868 2123 981 2159 Auate,
1005 2135 1071 2153 non
1091 2127 1218 2155 emittit.

317 2167 352 2196 A.
375 2166 509 2206 spinalis
530 2168 635 2195 antica
659 2167 697 2195 ab
721 2176 759 2196 ea
781 2164 895 2196 Anatis
919 2177 986 2196 non
1013 2166 1132 2198 differt.
