2049 2830
804 225 1088 270 „15-

884 372 913 413 g.
957 373 1007 406 11.

599 436 884 472 Arteria
929 437 1296 474 subclaoia.

182 503 410 535 Alam'·versus
429 501 586 542 procedit,
608 496 645 531 'et
671 502 758 531 infra
780 503 828 532 M.
853 503 1059 534 subclavium
1090 508 1123 534 et
1153 504 1349 544 pectoralem
1379 507 1536 544 majorem
1569 506 1719 546 partitur,
1746 507 1795 536 iu:
1823 505 1860 536 A.

34 547 196 589 axillarem
218 553 251 577 et
278 545 313 576 A.
336 546 545 586 thoracicam.·
591 543 777 586 Antequam
799 556 876 583 vero
897 548 1047 588 partitur,
1078 547 1188 587 plures
1213 549 1333 577 emittit
1351 558 1467 578 ramos.

747 610 774 639 I.
844 609 1143 642 InAnate.

181 668 213 705 1)
235 669 376 699 Ramum
401 669 619 699 muscularem
647 669 710 706 ¹⁵),
732 671 767 698 in
791 674 856 699 tres
877 668 1029 706 divisum,
1053 671 1108 698 in:

181 712 212 748 a)
239 712 330 741 Ram.
354 712 595 748 ascendentem,
619 713 678 751 qui
699 714 786 741 inter
805 712 970 742 surculam
993 717 1026 742 et
1044 711 1239 742 claviculam
1270 711 1425 752 procedit,
1457 723 1492 742 ac
1525 715 1561 743 in
1583 714 1667 743 MM.
1692 714 1744 743 his
1762 716 1864 744 inser-

29 758 79 783 tos
101 753 304 794 dispergitur.

181 797 217 833 b)
236 796 440 831 Inferiorem,
464 799 556 837 cujus
579 796 702 825 surculi
726 807 823 836 supra
842 801 969 837 partem
991 796 1167 826 sternalem
1193 797 1374 827 claviculae
1403 803 1437 826 et
1467 799 1502 826 in
1525 798 1572 828 M.
1596 799 1793 839 pectoralem
1815 801 1865 829 in-

26 837 176 868 feriorem
196 838 443 877 distribuuntur,
468 844 500 868 et
524 839 554 876 c)
579 839 665 868 infra
684 839 879 869 claviculam
902 838 943 868 ad
964 839 1048 870 MM.
1071 839 1149 868 huic
1171 841 1311 869 insertos
1333 845 1569 870 transeuntem.

179 880 214 917 2)
236 878 273 910 A.
296 879 519 910 mammariam
539 876 700 912 internam
728 881 788 920 ¹⁶).
834 882 862 910 E
883 883 1007 921 pariete
1025 881 1177 911 inferiore
1197 881 1233 912 A.
1247 882 1447 912 'subclaviae
1470 884 1582 917 oritur,
1612 889 1645 912 et
1673 894 1774 924 prope
1803 886 1865 913 ori-

30 924 136 963 ginem
168 923 330 963 ramulum
352 926 454 952 mittit
478 924 518 953 a'd
538 925 583 953 M.
607 925 823 955 subclavium.
868 925 955 953 Tum
981 922 1022 953 A.
1047 922 1237 953 mammaria
1267 927 1394 953 interna
1422 927 1459 954 in
1480 925 1559 954 duos
1589 925 1727 955 discedit
1749 937 1863 961 ramos,

28 976 177 1004 quorum.
192 965 271 995 alter
292 968 328 994 in
349 972 439 1006 parte
459 967 594 996 sternali
616 967 832 1007 appendicum
862 972 1024 996 costarum
1055 966 1204 1001 decurrit,
1233 972 1265 996 et
1287 967 1429 997 ramulos
1459 967 1499 997 ad
1527 968 1577 997 M.
1598 969 1864 998 sternocostalem

27 1013 88 1037 ete..
109 1009 227 1045 mittit;
249 1008 330 1037 alter
352 1019 456 1047 usque
479 1009 522 1045 ad
540 1015 660 1039 costam
682 1016 801 1038 sextam
834 1009 887 1039 vel
917 1011 1089 1048 septimam
1117 1009 1196 1038 duos
1225 1019 1331 1038 ramos
1359 1010 1583 1040 intercostales
1614 1013 1724 1051 exigit;
1760 1021 1865 1040 ramu-

28 1049 78 1080 los
100 1052 201 1080 mittit
223 1050 263 1079 ad
283 1051 329 1080 M.
354 1046 583 1090 triangularem
606 1054 709 1081 sterni
729 1057 761 1081 et
784 1063 858 1080 cum
877 1050 1017 1081 surculis
1040 1049 1078 1080 A.
1103 1053 1314 1091 epigastricae
1337 1053 1484 1082 confluit.

498 1114 542 1146 II.
608 1115 666 1143 In
706 1115 965 1144 Gallina
1009 1115 1391 1154 gallinacea.

179 1171 211 1210 1)
233 1172 392 1202 Ramulus
416 1173 464 1202 M.
494 1174 829 1214 sterno-trachealem
862 1173 938 1203 adit.
982 1173 1080 1202 Rami
1102 1174 1122 1202 2
1145 1180 1178 1203 et
1199 1173 1230 1209 3,
1253 1180 1290 1203 ut
1311 1185 1381 1204 ram
1405 1174 1420 1203 ‘l
1444 1180 1477 1204 et
1498 1175 1517 1203 2
1541 1173 1654 1204 Anatis
1676 1185 1711 1204 se
1733 1175 1865 1205 habent.

179 1215 287 1245 Etiam
310 1218 344 1244 in
367 1216 508 1245 Falcone
528 1216 629 1246 milvo
660 1226 767 1246 ramus
799 1215 993 1246 muscularis
1021 1221 1055 1246 et
1075 1214 1113 1247 A.
1138 1219 1328 1246 mammen-ia
1356 1219 1498 1252 interna,
1528 1217 1567 1246 ab
1597 1219 1637 1246 iis
1661 1216 1775 1247 Anatis
1799 1228 1865 1248 non

30 1257 200 1289 differunt.

884 1326 910 1362 5-
956 1323 1007 1354 12.

591 1388 882 1422 Arteria
940 1388 1307 1423 axillaris.

186 1452 234 1481 Ex
253 1450 290 1482 A.
322 1451 498 1488 thoracica‚
526 1457 563 1481 ut
589 1453 635 1481 ita
664 1452 780 1488 dicam,
804 1463 914 1482 arcum
947 1452 1091 1483 formans
1119 1454 1235 1493 prodit.
1284 1453 1358 1484 Hoc
1390 1463 1426 1483 ex
1455 1463 1530 1483 arcu
1552 1457 1634 1484 rami
1656 1461 1795 1495 quatuor
1817 1466 1866 1486 or-

32 1502 101 1526 tum
126 1495 266 1525 ducunt:

184 1536 216 1573 1)
240 1537 330 1571 Duo,
352 1539 410 1575 qui
430 1538 466 1565 in
489 1537 572 1566 MM.
596 1537 776 1567 claviculae
805 1539 944 1567 insertos
964 1543 997 1567 et
1019 1543 1177 1567 serratum
1205 1548 1359 1576 magnum
1383 1538 1609 1579 disperguntur
1635 1539 1695 1577 ¹⁷).

184 1579 217 1616 2)
238 1578 273 1607 A.
294 1579 429 1608 dorsalis
451 1580 618 1618 scapulae;
641 1580 802 1608 ramulum
823 1582 926 1609 mittit
948 1580 989 1609 ad
1015 1580 1062 1609 M.
1088 1581 1350 1620 subscapularem
1381 1586 1413 1610 et
1438 1581 1616 1610 levatorem
1641 1581 1780 1617 humeri,
1812 1582 1865 1611 de-

33 1622 121 1657 inde,
143 1621 182 1650 ad
203 1621 391 1650 inferiorem
414 1633 438 1650 s.
461 1624 673 1660 posteriorem
685 1622 837 1660 scapulae
856 1627 979 1661 partem
1001 1622 1182 1656 decurrens,
1204 1626 1240 1651 in
1272 1623 1319 1654 M.
1340 1623 1639 1663 suprascapularem
1662 1624 1863 1664 dispergitur.

184 1662 218 1700 3)
241 1664 372 1697 Ramus,
394 1664 516 1692 divisus
539 1666 591 1691 in:
612 1663 647 1691 A.
671 1664 868 1704 profundam
891 1670 922 1693 et
940 1666 1177 1694 circumflexam
1194 1665 1333 1694 humeri.

188 1707 218 1744 a)
242 1705 278 1734 A.
302 1706 506 1734 circumflexa
528 1706 667 1734 humeri.
712 1706 868 1735 Ramulos
890 1708 993 1735 mittit
1014 1707 1053 1735 ad
1082 1708 1126 1735 M.
1150 1707 1346 1736 latissimum
1367 1707 1461 1745 dorsi,
1483 1709 1672 1748 tricipitem,
1694 1709 1865 1739 articulum

34 1749 173 1783 humeri,
201 1753 234 1776 et
252 1753 321 1776 tum
352 1750 387 1776 in
412 1753 486 1776 cute
509 1750 595 1776 inter
615 1747 784 1776 humerum
807 1754 840 1777 et
861 1749 1100 1778 antibrachium
1122 1751 1297 1780 avanescit.

185 1790 220 1827 b)
240 1788 276 1818 A.
301 1790 463 1829 profunda
486 1789 624 1819 humeri.
668 1789 757 1819 Inter
777 1791 862 1819 MM.
893 1796 1074 1820 extensores
1103 1791 1297 1820 antibrachii
1335 1802 1440 1831 usque
1467 1791 1507 1821 ad
1534 1793 1679 1823 cubitum
1712 1793 1864 1828 decurrit,

34 1833 176 1863 ramulos
198 1832 376 1862 nonnullos
399 1833 607 1868 musculares,
634 1843 694 1862 nec
714 1843 778 1863 non
800 1843 937 1868 ramum,
967 1834 1005 1863 N.
1027 1844 1145 1874 vagum
1167 1836 1454 1870 concomitantem,
1483 1837 1611 1865 emittit.

883 1921 910 1957 5-
958 1916 1007 1948 13.

714 1981 860 2016 Arteria
892 1981 1088 2016 brachialis
1116 1982 1189 2027 ¹8).

186 2044 222 2075 A.
248 2044 389 2073 axillaris
410 2047 623 2075 continuatio.
670 2046 761 2076 Inter
783 2052 879 2086 caput
902 2047 1037 2086 longum
1058 2047 1102 2076 M.
1126 2047 1272 2088 bicipitis
1297 2053 1330 2078 et
1357 2058 1558 2077 anconaeum
1578 2048 1757 2077 secundum
1778 2049 1865 2078 loca-

37 2095 100 2118 tur.
146 2088 267 2117 Ramus
289 2087 423 2125 quidam
444 2087 530 2116 infra
554 2094 651 2128 caput
670 2089 802 2129 longum
825 2089 876 2119 M.
898 2090 1042 2130 bicipitis
1069 2093 1196 2127 transit,
1227 2097 1259 2120 et
1289 2096 1386 2131 caput
1411 2091 1510 2120 breve
1539 2090 1637 2130 hujus
1665 2093 1766 2130 petit3
1794 2097 1864 2121 tum

36 2142 141 2160 ramos
166 2130 205 2160 ad
227 2131 272 2158 M.
295 2131 475 2169 bicipitem,
502 2140 702 2160 anconaeum
725 2132 903 2161 secundum
924 2138 997 2166 etc„
1021 2137 1052 2161 et
1077 2134 1113 2160 in
1136 2136 1228 2172 parte
1251 2133 1381 2163 humeri
1400 2133 1566 2171 inferiore,
1590 2134 1762 2168 ramulum,
1792 2145 1863 2164 cum

37 2174 137 2204 altero
159 2171 195 2201 A.
216 2172 398 2212 profundae
418 2172 557 2206 humeri,
583 2173 622 2202 ud
645 2174 683 2202 N.
705 2174 874 2208 radialem,
893 2175 1125 2209 confluentem,
1146 2178 1276 2205 emittit.

186 2215 227 2243 In
248 2215 367 2244 flexura
392 2214 494 2244 cubiti
524 2216 560 2243 in
592 2213 629 2244 A.
653 2216 798 2246 ulnarem
822 2222 855 2247 et
875 2217 1030 2246 radialem
1055 2217 1202 2247 discedit.

192 2313 235 2346 ¹5)
257 2313 453 2346 Tiedemann,
478 2314 499 2340 1.
519 2324 544 2341 c.
565 2318 590 2348 §.
611 2313 671 2345 496.
691 2319 716 2343 2.

191 2347 236 2380 16)
258 2347 453 2386 Tiedemanm
473 2349 494 2374 1.
517 2358 542 2375 c.
565 2351 591 2382 ξ.
613 2348 673 2380 496.
693 2354 719 2379 3.
875 2351 991 2385 Cuvier,
1010 2351 1033 2378 l.
1053 2360 1079 2378 c.
1098 2361 1128 2387 p.
1149 2352 1209 2380 266.

191 2382 237 2413 1-7)
258 2381 453 2414 Tnedemann,
476 2383 498 2409 l.
520 2393 544 2410 c.
567 2385 590 2416 §-
611 2383 672 2414 497.

193 2416 233 2451 ¹8)
255 2416 448 2449 'riedemanm
475 2418 494 2444 l.
514 2427 539 2444 c.
562 2420 587 2452 ξ.
606 2416 667 2449 493.
821 2419 938 2453 Cuvier,
967 2420 987 2446 l.
1009 2428 1035 2447 c.
1052 2429 1082 2456 p.
1103 2420 1164 2448 266.
1184 2420 1227 2450 67.
