2049 2830
844 210 1124 244 —12—

85 327 180 356 xillae
200 325 370 365 superioris
393 322 580 356 collocatum
603 329 702 359 prope
720 318 770 348 M.
801 313 1045 357 pterygoideum
1073 318 1238 344 externum
1263 313 1431 349 insertum,
1455 311 1599 341 ramulus
1628 322 1664 341 ex
1686 311 1749 341 hoc
1776 311 1889 346 oritur,

85 371 143 408 qui
164 378 288 397 sursum
307 365 488 405 paullulum
511 369 543 392 et
563 373 669 392 versus
693 365 873 400 aperturam
901 360 972 387 nasi
992 359 1184 387 anteriorem
1213 355 1398 395 procedens,
1427 355 1650 384 membranam
1668 353 1890 383 Schneideria-

85 421 160 440 nam
180 405 271 449 petit.
316 408 400 435 Tum
421 417 504 445 pone
524 404 739 433 rudimentum
758 402 900 429 laminae
919 409 1117 440 papyraceae
1137 399 1216 427 ossis
1244 397 1421 426 ethmoidei
1447 399 1482 425 in
1505 396 1585 425 duos
1608 395 1764 426 dividitur
1783 406 1892 425 surcu-

85 453 145 486 los,
166 460 301 489 quorum
324 450 463 477 anterior
488 458 505 475 a
523 453 610 484 tergo
638 455 751 473 nasum
774 442 966 481 ingreditur3
988 444 1154 481 posterior,
1174 450 1270 479 supra
1289 444 1414 479 partem
1434 439 1611 479 palatinam
1639 439 1719 466 ossis
1743 437 1892 467 maxillae

84 494 254 533 superioris
284 491 322 519 ad
344 491 427 518 latus
454 489 591 517 laminae
612 485 884 526 perpendicularis
907 486 986 513 ossis
1009 482 1195 516 ethmoidei,
1216 487 1389 511 retrorsum
1416 480 1630 521 proficiscitur
1651 485 1684 509 et
1704 489 1778 508 cum
1800 489 1889 508 ramo

85 534 124 565 A.
145 533 291 563 cai-otidis
316 531 482 561 cerebralis
507 531 545 567 (§
567 528 596 557 9.
622 529 663 563 a.)
685 528 899 565 conjungitur.

231 575 351 603 Ramus
372 576 516 601 internus
539 569 578 599 A.
600 570 764 609 palatinae
792 570 867 598 dein
892 573 964 597 ante
986 572 1148 606 aperturas
1174 567 1246 594 nasi
1273 567 1466 604 posteriores
1498 575 1571 592 cum
1599 574 1636 593 eo
1659 563 1791 592 alterius
1812 562 1892 592 late-

84 620 127 648 ris
150 619 364 656 conjungitur,
387 621 429 648 et,
449 620 581 642 truncus
604 623 640 640 ex
661 611 711 639 his
736 614 948 646 constructus,
975 620 1079 648 usque
1103 608 1142 637 ad
1165 609 1289 647 apicem
1315 609 1411 636 rostri
1430 605 1586 646 procedit.

684 672 744 703 IV.
807 674 868 701 In
909 674 1096 702 Corvo
1138 672 1283 710 pica.

231 736 267 766 A.
290 737 403 764 cai-otis
422 734 548 762 facialis
569 735 684 761 mittit:

232 780 263 816 a)
287 778 324 807 A.
347 776 556 805 auricularem
584 776 804 814 posteriorem.
1450 805 1456 807 p

230 822 266 856 b)
289 819 325 848 A.
349 818 543 847 maxillarem
566 819 736 849 internam,
760 826 842 853 quae
859 814 971 844 eodem
993 813 1097 848 modo,
1124 823 1159 840 ac
1181 823 1217 841 ea
1232 811 1382 840 Falconis
1406 811 1573 840 decurrere
1594 809 1734 843 videtur,
1757 808 1795 837 ad
1819 810 1894 838 arti.-

84 865 190 894 culum
210 861 418 891 mandibulae
442 870 545 897 usque
566 869 652 892 vero,
670 858 793 897 repleta
811 863 939 885 tantum
960 861 1017 889 est,
1038 855 1249 893 quamobrem
1271 853 1442 882 decursum
1465 855 1535 892 ejus
1559 853 1690 881 uberius
1712 851 1893 880 describere

84 916 152 936 non
194 907 273 934 otui.

171 917 190 945 P
231 946 264 982 d)
287 944 323 974 A.
346 944 532 984 palatinam,
553 952 635 979 quae
653 941 813 969 ramulum
837 939 875 968 ad
897 937 934 968 A.
956 938 1132 967 carotidem
1156 937 1364 972 cerebralem‚
1386 941 1561 975 antequam
1582 937 1729 964 cranium
1751 933 1892 974 ingredi·

84 995 136 1019 tur
153 990 262 1022 mittit,
285 993 318 1016 et
337 992 407 1016 tum
431 985 469 1013 ad
490 987 582 1013 rostri
606 985 728 1023 apicem
750 983 904 1022 procedit.

443 1157 458 1162 -
772 1127 816 1160 Λ.
843 1126 974 1159 carotis
1000 1123 1198 1158 cerebralis.

565 1196 722 1225 ‚Detur-sus
743 1203 769 1222 et
789 1194 958 1222 distributio
981 1193 1042 1235 ejus
1064 1201 1151 1221 extra
1171 1202 1278 1220 cavum
1298 1191 1403 1220 cranii.

784 1260 808 1289 I.
876 1258 1184 1288 InAnate.

231 1322 268 1352 A.
295 1324 410 1351 cai-otis
430 1321 595 1350 cerebralis
616 1322 667 1349 vix
691 1319 794 1347 divisa
813 1320 922 1351 mittit,
945 1316 983 1346 A.
1007 1316 1223 1355 occipitalem,
1245 1314 1356 1344 eodem
1375 1313 1470 1342 modo
1494 1323 1530 1341 ac
1553 1323 1591 1342 ea
1611 1312 1762 1342 Gallinae
1782 1312 1892 1341 decur-

84 1371 216 1395 rentem.
261 1366 344 1393 Tum
368 1364 407 1393 A.
431 1365 545 1392 carotis
566 1362 733 1390 cerebralis
759 1372 883 1389 sursum
906 1361 1017 1398 vergit,
1038 1364 1070 1387 et
1092 1358 1237 1386 canalem
1261 1367 1365 1390 suum,
1394 1366 1481 1394 pone
1504 1366 1538 1384 os
1561 1355 1753 1394 quadratum
1781 1356 1890 1386 intrat.

83 1409 271 1446 Priusquam
294 1407 379 1434 huuc
398 1411 619 1435 verumtamen
642 1397 824 1441 ingreditur,
847 1405 882 1430 in
906 1401 984 1430 duos
1009 1400 1142 1429 discedit
1163 1410 1276 1434 ramos,
1301 1400 1508 1437 posteriorem
1531 1403 1563 1425 et
1583 1399 1783 1426 anteriorem.

230 1450 399 1481 Posterior,
421 1447 455 1476 A.
481 1445 700 1485 ophthalmica
723 1451 861 1477 externa,
887 1443 1003 1476 canali,
1032 1442 1118 1470 infra
1149 1446 1289 1469 meatum
1319 1440 1512 1468 auditorium
1542 1445 1717 1472 externum,
1745 1440 1892 1467 immitti-

82 1497 144 1524 tur,
165 1493 249 1519 in'ter
269 1491 404 1518 laminas
427 1499 529 1517 osseas
553 1489 653 1515 cranii
676 1487 821 1515 ascendit
843 1485 1036 1525 paullulum,
1058 1490 1127 1512 tum
1141 1484 1278 1512 orbitam
1300 1492 1408 1510 versus
1424 1482 1583 1515 flectitur,
1614 1486 1689 1510 ante
1716 1480 1801 1509 hanc
1821 1486 1892 1510 rete

83 1533 284 1563 vasculosum
311 1532 422 1564 efficit,
445 1536 476 1559 et
497 1540 599 1566 usque
623 1529 661 1557 ad
680 1529 829 1567 angulum
854 1527 941 1555 oculi
963 1528 1122 1565 posticum
1145 1527 1252 1563 serpit,
1274 1525 1340 1557 ubi,
1364 1526 1451 1562 juxta
1471 1524 1509 1552 N.
1530 1523 1729 1551 maxillarem
1751 1525 1892 1562 superio-

86 1585 150 1604 rem
173 1581 206 1604 et
225 1574 424 1606 inferiorem,
445 1573 580 1601 orbitam
606 1571 790 1609 ingreditur,
815 1580 879 1607 qua
900 1571 934 1596 in
954 1569 1061 1607 plures
1085 1567 1221 1595 discedit
1243 1577 1359 1595 ramos,
1588 1566 1591 1569 “

231 1616 262 1652 l)
286 1617 325 1643 In
346 1625 450 1642 ramos
473 1613 656 1641 articulares
680 1613 718 1640 ad
741 1613 822 1640 MM.
846 1616 1025 1639 masseteres
1048 1615 1080 1638 et
1104 1609 1274 1637 articulum
1297 1607 1505 1637 maxillarem.

231 1659 264 1694 2)
288 1659 325 1685 In
346 1656 380 1684 A.
406 1656 598 1684 alveolarem
622 1654 819 1687 inser-iorem,
845 1664 928 1691 quae
951 1662 1076 1681 ramum
1099 1650 1289 1680 alveolarem
1309 1650 1347 1679 N.
1364 1650 1527 1688 trigemini
1544 1649 1776 1682 concomitans,
1798 1658 1892 1677 cana-

86 1701 148 1730 lem
171 1699 376 1729 mandibulae
397 1697 581 1734 ingreditur.

229 1741 263 1777 3)
289 1742 328 1768 In
348 1739 384 1768 A.
407 1740 532 1767 ciliares
554 1740 692 1777 posticas
715 1737 804 1770 duas,
826 1747 924 1775 prope
944 1735 973 1763 N
1003 1737 1144 1774 opticum
1165 1732 1357 1762 sclerotioa‘e
1380 1742 1414 1760 se
1435 1734 1673 1771 immergentes.

231 1780 265 1819 4)
289 1783 330 1810 In
350 1781 510 1809 ramulum
534 1781 572 1808 ad
594 1780 778 1819 palpebram
803 1778 998 1812 inferiorem,
1029 1779 1119 1815 cujus
1139 1776 1285 1804 surculus
1306 1775 1343 1803 N.
1366 1774 1623 1802 infraorbitalem
1647 1773 1722 1803 adit.

233 1825 265 1862 5)
290 1825 329 1852 In
349 1823 388 1851 A.
412 1822 625 1859 lacrymalem.
669 1822 756 1850 Haec
780 1820 865 1848 infra
889 1820 1025 1847 bulbum
1050 1819 1136 1846 oculi
1167 1818 1316 1850 decurrit,
1337 1816 1504 1845 nonnullis
1526 1815 1613 1844 MM.
1646 1818 1715 1854 ejus
1746 1816 1892 1846 surculos

87 1868 221 1901 exhibet,
247 1878 345 1906 prope
365 1866 402 1893 N.
428 1867 568 1903 opticum
592 1875 662 1891 cum
692 1863 725 1891 A.
751 1862 970 1902 ophthalmica
993 1860 1146 1889 cerebrali
1177 1871 1201 1888 s.
1224 1862 1353 1887 interna
1380 1858 1517 1887 confluit
1536 1863 1567 1887 et
1587 1857 1726 1896 denique
1744 1860 1780 1886 in
1802 1858 1891 1898 glan-

87 1909 192 1938 dulam
214 1908 419 1946 lacrynialem
442 1907 641 1944 dispergitur.

95 1952 99 1953 ⁷
231 1949 264 1987 ὃ)
290 1950 325 1978 ln
347 1949 380 1977 A.
404 1947 645 1980 ethmoidalem,
669 1957 752 1984 quae
773 1946 896 1974 fornice
926 1946 1059 1976 orbitae,
1093 1944 1176 1972 MM.
1209 1943 1304 1971 bulbi
1333 1942 1420 1971 oculi
1449 1943 1668 1981 superioribus
1696 1947 1728 1971 et
1758 1944 1891 1972 internis

87 1993 228 2021 surculos
251 2002 410 2031 spargens,
433 1996 528 2027 atque
551 1989 655 2017 medio
678 1990 811 2021 orbitae,
836 1999 908 2016 cum
931 1986 965 2015 A.
990 1986 1209 2025 ophthalmica
1239 1987 1365 2013 interna
1387 1987 1639 2020 communicans,
1671 1983 1710 2012 ad
1738 1985 1891 2023 angulum

87 2035 171 2063 oculi
195 2036 344 2066 anticum,
366 2032 587 2071 proficiscitur,
617 2042 689 2059 cum
712 2041 799 2058 ramo
821 2032 923 2069 primo
949 2029 986 2057 N.
1019 2029 1183 2066 trigemini
1213 2037 1326 2055 nasum
1354 2028 1462 2060 intrat,
1492 2028 1527 2054 in
1552 2028 1695 2055 tunicam
1718 2025 1892 2055 Schneide-

84 2078 207 2104 rianam
236 2076 426 2114 dispergitur
450 2079 481 2101 et
504 2074 613 2101 crebro
636 2083 707 2100 cnm
730 2083 817 2099 ramo
843 2071 946 2099 nasali
966 2069 1000 2098 A.
1023 2071 1187 2109 palatinae
1213 2069 1252 2106 (§.
1280 2068 1307 2097 8.
1335 2079 1360 2097 e.
1384 2064 1428 2104 4.)
1452 2070 1678 2096 communicat.

234 2118 317 2145 Tum
338 2127 444 2144 ramus
467 2117 608 2143 anterior'
626 2113 664 2142 A.
688 2113 835 2142 carotidis
867 2113 1036 2141 cerebralis
1066 2117 1189 2150 partem
1214 2110 1446 2138 horizontalem
1476 2110 1599 2138 canalis
1627 2111 1677 2138 sui
1701 2108 1889 2148 ingreditur,

86 2164 119 2188 et
135 2161 169 2187 in
193 2169 229 2187 eo
251 2169 354 2196 usque
379 2158 415 2186 ad
440 2157 549 2185 sellam
577 2158 727 2184 turcicam
758 2155 918 2194 procedit.
956 2154 1136 2192 Antequam
1157 2154 1301 2181 cranium
1323 2162 1398 2181 vero
1422 2152 1609 2192 ingreditur,
1636 2162 1760 2180 ramum
1786 2151 1891 2180 adhuc

85 2203 195 2234 mittit,
217 2202 333 2229 iterum
355 2203 389 2227 in
409 2199 487 2227 duos
510 2198 649 2226 ramulos
673 2198 823 2225 divisum.

235 2243 285 2278 aa)
306 2242 429 2269 Primus
450 2241 575 2273 horum,
599 2242 752 2278 superior,
774 2239 812 2266 ad
835 2238 962 2277 plexum
985 2237 1194 2270 maxillarem,
1217 2235 1302 2264 infra
1326 2236 1462 2264 orbitam
1484 2237 1593 2269 situm,
1616 2239 1648 2263 et
1669 2238 1890 2263 constructum

88 2285 186 2313 ehoe
209 2294 306 2317 ramo,
329 2293 415 2311 ramo
437 2281 472 2310 A.
499 2282 670 2309 maxillaris
700 2283 844 2309 internae
872 2281 911 2317 (ς.
934 2280 961 2309 S.
984 2282 1005 2308 i.
1033 2280 1074 2315 1.)
1105 2284 1136 2307 et
1162 2277 1201 2306 A.
1234 2278 1395 2317 palatinae
1424 2276 1466 2314 (§.
1491 2276 1519 2305 8.
1541 2288 1568 2306 ο.
1587 2277 1635 2312 2.)
1663 2275 1889 2315 proficiscitur.

88 2325 216 2354 Ramuli
234 2326 341 2364 plexus
365 2325 534 2352 maxillaris
559 2326 674 2351 iterum
704 2323 842 2355 collecti,
870 2322 952 2350 MM.
981 2327 1164 2350 massetercs
1194 2326 1226 2349 et
1251 2321 1343 2348 bulbi
1372 2320 1459 2348 oculi
1489 2318 1659 2348 inferiores
1680 2317 1810 2352 adeunt,
1831 2327 1890 2348 nec

90 2375 154 2394 non
176 2367 330 2400 surculus,
352 2367 388 2394 N.
410 2365 666 2394 insraorbitalem
690 2366 919 2398 concomitans,
948 2374 1061 2392 nasum
1081 2365 1190 2391 intrat.
