2049 2830
967 222 1242 279 „26-

1046 338 1071 375 §—
1117 332 1165 366 14.

856 399 902 434 A.
949 399 1230 436 ulnaris
1278 396 1348 443 Ῑ9).

349 469 439 497 Inter
458 465 541 494 MM.
563 465 691 494 flexores
711 466 797 504 carpi
816 466 921 504 posita
941 470 998 496 est.
1035 465 1181 493 ¹Bauium
1200 468 1430 497 recurrentem,
1451 471 1524 490 cum
1543 461 1670 491 ramulo
1690 460 1727 493 A.
1751 463 1930 503 profundae
1950 465 2012 495 hu·

201 513 281 541 meri
302 512 516 543 commissum,
539 510 650 546 exigit3
674 513 744 535 tum
767 517 871 537 ramos
894 507 1091 541 muscularses¹
1108 516 1269 546 spargens,
1292 505 1494 545 superficiem
1512 506 1675 533 internam
1696 507 1818 534 ossium
1838 510 2011 547 metacarpi

199 555 288 593 petit,
308 553 365 581 ubi
386 560 493 580 ramus
516 561 551 578 ex
573 560 609 577 ea
634 551 743 583 oritur,
767 551 825 587 qui
846 560 917 578 cum
941 549 1003 577 alio
1029 548 1124 583 exA.
1145 549 1260 578 radiali
1279 550 1440 587 jungitur3
1461 552 1531 583 tum
1555 557 1680 575 ramum
1704 547 1743 576 ad
1764 548 1918 587 pollicem
1935 552 2009 581 mit·

199 597 250 631 tit,
273 600 314 628 et,
334 603 434 633 prope
456 603 489 620 os
513 594 688 631 metacarpi
705 591 834 627 radiale,
857 591 898 620 ad
920 591 1036 631 digitos
1059 590 1213 631 procedit.
1264 590 1349 620 Ante
1372 589 1488 629 digitos
1516 590 1553 618 in
1575 588 1704 619 dorsum
1725 600 1841 620 manus
1858 590 2010 626 flectitur,

199 642 230 666 et
254 636 292 665 ad
315 646 368 665 eos
391 635 589 673 dispergitur.

1038 689 1064 738 §L
1108 680 1161 729 ⁵1⁴5.

892 763 937 796 A.
987 774 1008 796 r
1034 775 1057 812 ᾳ
1078 762 1105 795 d
1131 762 1144 795 i
1170 774 1194 795 a
1215 762 1227 795 Z
1252 761 1265 794 z·
1290 772 1316 794 s.

344 828 463 857 Ramos
492 829 593 856 mittit
624 824 664 855 ad
692 826 739 855 M.
766 831 971 866 pronatorem
1000 821 1189 862 secundum,
1220 831 1416 854 extensorem
1440 825 1616 865 metaearpi
1641 823 1798 855 radialem
1821 824 1953 864 longum
1976 830 2010 855 et

195 870 413 899 membranam
436 872 521 898 inter
542 870 711 897 humerum
738 868 1048 911 qtvssantibrachium;
1079 868 1301 897 membranam
1328 866 1537 895 interosseam
1566 867 1720 907 perforat,
1746 873 1779 897 et
1806 873 1878 896 tum
1901 877 2008 897 ramos

195 914 296 941 mittit
318 917 397 940 tres:
441 911 472 948 1)
493 911 528 940 A.
551 908 973 948 recurrentem'‘’internam3
1015 910 1048 947 2)
1071 908 1110 940 A.
1134 915 1352 939 recurrentem
1376 914 1550 938 externam.

342 953 376 990 3)
398 954 617 991 Metacarpum
636 962 746 981 versus
770 951 1020 991 procendentem
1040 957 1071 981 et
1091 963 1163 981 cum
1188 953 1251 981 alio
1277 954 1355 990 ejus,
1380 962 1478 990 quem
1500 962 1601 992 prope
1613 956 1740 992 partem
1751 952 1945 981 anteriorem
1959 960 2008 980 ra-

194 995 240 1024 dii
267 997 397 1029 emittit,
425 995 645 1023 confluentem.
1054 1016 1058 1020 .
1872 1015 1884 1026 ⁶

342 1037 379 1066 A.
402 1037 532 1065 radialis
565 1035 682 1065 deinde
709 1035 818 1074 plures
845 1046 948 1064 ramos
979 1038 1118 1076 spargit:
1147 1036 1192 1064 M.
1222 1035 1332 1063 flexori
1356 1036 1532 1074 metacarpi
1562 1034 1678 1064 radiali
1700 1040 1760 1064 etc.
1802 1033 1886 1064 Ante
1906 1039 2008 1063 meta·

192 1089 333 1118 carpum,
354 1078 498 1106 ramulus
523 1081 590 1117 ejus
611 1078 829 1106 membranam
853 1080 1059 1107 inter-osseam
1084 1077 1235 1117 perforat,
1263 1083 1304 1113 et,
1325 1078 1410 1106 sicut
1431 1082 1499 1105 rete
1522 1077 1642 1111 volare,
1671 1077 1825 1106 musculis
1847 1081 1880 1106 et
1901 1076 2007 1105 tendi-

191 1122 286 1149 nibus
309 1120 450 1149 surculos
481 1119 615 1148 exhibet.
666 1120 845 1148 Extenuata
868 1122 904 1148 in
927 1119 1099 1160 superficie
1119 1119 1252 1158 {articuli
1275 1120 1452 1158 metacarpi
1478 1118 1628 1152 decurrit,
1655 1124 1687 1148 et
1707 1121 1743 1147 in
1767 1119 1845 1148 duos
1868 1120 2006 1158 partitur

190 1172 305 1196 ramos,
325 1171 462 1199 quorum
484 1161 574 1195 alter,
602 1171 697 1200 supra
727 1171 762 1190 os
783 1164 958 1201 metacarpi
984 1162 1106 1190 radiale
1134 1162 1313 1194 decurrens,
1345 1172 1418 1189 cum
1448 1170 1537 1189 ramo
1567 1160 1686 1190 dorsali
1714 1163 1850 1190 arteriae
1870 1160 2003 1195 ulnaris,

191 1206 412 1232 anastomosin
433 1203 566 1239 sormat3
588 1203 668 1231 alter
691 1205 726 1230 in
747 1204 918 1242 superficie
942 1204 1049 1232 ulnari
1071 1206 1151 1232 ossis
1174 1205 1350 1242 metacarpi
1371 1202 1502 1231 radialis
1526 1202 1677 1237 decurrit,
1695 1208 1728 1232 et
1746 1203 1833 1232 infra
1855 1202 1902 1232 M.
1922 1204 2006 1231 inte-

190 1255 335 1274 rosseum
358 1247 522 1273 internum
549 1255 582 1272 se
605 1244 740 1272 confert.

338 1286 380 1315 In
402 1286 531 1313 Gallina
554 1286 742 1324 gallinacea,
766 1285 949 1314 distributio
972 1284 1011 1315 A.
1027 1285 1199 1315 brachialis
1224 1296 1261 1314 eo
1275 1290 1401 1314 tantum
1418 1284 1537 1320 differt,
1557 1285 1646 1324 quod
1666 1286 1703 1315 A.
1719 1285 1858 1315 radiales
1881 1287 1916 1314 in
1938 1285 2002 1315 alto

189 1328 335 1365 humero,
359 1329 397 1356 ab
419 1338 454 1356 ea
474 1327 642 1356 decedunt.
687 1327 728 1355 In
751 1328 891 1356 Falcone
912 1328 1012 1357 milvo
1034 1338 1160 1356 ramum
1193 1330 1295 1357 mittit
1319 1326 1355 1357 A.
1384 1327 1556 1357 brachialis
1588 1327 1627 1356 ad
1654 1333 1779 1367 partem
1808 1329 2002 1357 anteriorem

190 1370 326 1400 humeri.
370 1368 527 1407 Alioquin
545 1379 580 1398 se
602 1369 699 1398 habet
721 1379 818 1408 quam
843 1370 955 1399 eadem
977 1369 1101 1398 Anatis.

1032 1456 1057 1492 ς.
1103 1451 1152 1483 16.

850 1518 894 1551 A.
946 1516 1332 1551 thoracica.

188 1623 207 1652 d
337 1581 514 1619 Permagna
541 1586 598 1615 est,
630 1580 794 1610 descendit
822 1581 1007 1621 paullulum
1035 1587 1066 1611 et
1095 1583 1132 1612 in
1157 1587 1222 1611 tres
1255 1581 1412 1611 dividitur
1437 1590 1551 1617 ramos,
1582 1581 1693 1619 quiin
1716 1579 1799 1610 MM.
1823 1580 1998 1620 pectorales

211 1625 423 1662 isperguntur.

1034 1687 1156 1727 §.17-

656 1752 700 1785 A.
750 1760 951 1786 aorta
993 1750 1406 1787 descendens
1459 1748 1533 1794 ²0).

336 1816 465 1844 Trunco
489 1825 649 1853 anonymo
673 1826 739 1844 non
761 1819 863 1856 major
884 1822 943 1851 est,
965 1816 1161 1846 dextrorsum
1189 1815 1373 1856 paullulum
1400 1815 1542 1844 flectitur
1568 1819 1602 1844 et
1628 1819 1707 1851 tum,
1735 1814 1892 1845 vertebris
1913 1813 2000 1844 dorsi

186 1859 347 1897 imposita,
368 1857 542 1886 descendit.
588 1858 674 1885 Inter
697 1863 818 1886 costam
838 1864 958 1888 sextam
981 1865 1013 1888 et
1034 1862 1204 1898 septimam
1219 1868 1325 1886 ramus
1346 1859 1468 1897 primus
1488 1857 1715 1891 intercostalis,
1744 1858 1781 1885 in
1802 1858 1927 1895 pariete
1953 1857 1998 1886 la-

185 1900 278 1928 terali
299 1900 466 1929 vertebrae
493 1899 578 1927 dorsi
606 1898 814 1935 descendens,
844 1911 879 1929 ac
907 1912 995 1929 ramo
1026 1900 1061 1930 A.
1089 1900 1306 1929 intereos-‚talis
1335 1901 1459 1939 primae
1489 1899 1702 1933 inosculatus,
1731 1908 1767 1928 ex
1791 1898 1853 1927 hac
1884 1900 2000 1936 oritur3

186 1941 271 1976 dein,
301 1951 404 1979 usque
429 1940 468 1968 ad
494 1946 614 1969 costam
644 1946 789 1970 octavam
823 1942 903 1971 alter
932 1945 1082 1982 provenit
1107 1953 1214 1971 ramus
1244 1941 1474 1976 intel-eostalis,
1504 1943 1539 1969 in
1568 1941 1647 1970 duos
1677 1940 1827 1977 ramulos,
1854 1942 1941 1971 inter
1967 1951 2000 1972 se

186 1985 323 2021 junctos,
344 1984 490 2022 partitus.
534 1982 629 2010 Hunc
651 1993 828 2013 connexum
850 1987 933 2014 inter
953 1984 990 2014 A.
1015 1985 1253 2014 intercostalem
1273 1994 1392 2013 nouam
1413 1989 1445 2012 et
1469 1983 1637 2018 decimam,
1656 1993 1723 2013 non
1744 1984 1857 2022 reperi.

1030 2070 1057 2106 ς.
1105 2067 1154 2098 18.

826 2131 873 2164 A.
921 2132 1238 2166 coeliaca
1276 2129 1351 2175 21).

333 2194 423 2223 Inter
448 2198 569 2222 costam
591 2198 712 2223 sextam
733 2199 765 2224 et
786 2197 967 2235 septimam,
994 2206 1012 2235 e
1032 2198 1157 2236 pariete
1179 2196 1337 2226 anteriore
1358 2192 1396 2227 A.
1417 2199 1525 2225 aortae
1552 2192 1777 2226 descendentis
1798 2192 1913 2234 prodit.

1850 2241 1874 2271 Ι.
1935 2240 1953 2271 Ι
1974 2251 1997 2272 n

336 2318 382 2350 Ῑ9)
403 2317 596 2349 Tiedemann,
615 2318 636 2344 l.
656 2326 680 2343 c.
701 2318 726 2350 ἓ.
749 2320 809 2344 500.

333 2350 380 2382 20)
401 2351 593 2383 Tiedemann,
613 2352 632 2376 l.
654 2361 678 2377 c.
699 2354 726 2384 §.
747 2355 810 2378 501.
962 2353 1076 2385 Cuvier,
1094 2352 1114 2380 l.
1134 2361 1158 2378 c-
1179 2361 1210 2388 p.
1229 2353 1288 2382 268.

333 2384 381 2418 2¹)
403 2385 594 2417 Tiedemann,
615 2386 635 2411 l.
657 2395 680 2411 c.
703 2386 727 2418 S.
748 2389 808 2413 501.
964 2388 1078 2420 Cuvier,
1103 2386 1172 2413 ibid.
