2049 2830
903 193 1216 236 ..9-

999 317 1027 353 §.
1071 312 1102 347 7.

517 370 703 410 Dec'ursus
728 374 880 409 ulterior
901 374 946 410 A.
971 375 1016 409 A.
1043 373 1247 408 car-otidum
1273 373 1527 408 communium.
1556 373 1615 413 ¹0)

855 457 883 488 Ι,
947 455 1007 485 In
1050 454 1244 485 Anate.

288 514 329 546 A.
354 514 510 545 carotides
534 525 728 551 communeS,
752 513 793 544 A.
817 515 987 545 vertebrali
1012 517 1137 549 amissa,
1165 524 1269 552 usque
1300 513 1339 543 ad
1367 514 1549 544 vertebram
1576 513 1746 552 septimam
1769 511 1845 541 colli
1877 513 1958 540 circa

137 556 327 598 procedunt.
372 558 466 586 Hanc
487 559 574 587 inter
600 563 632 586 et
651 559 821 597 septimam
849 568 956 586 ramus
988 557 1095 596 prodit
1119 553 1174 598 (f)
1205 561 1381 585 extrorsum
1409 556 1594 589 decurrens,
1626 560 1659 583 et
1692 565 1765 582 cum
1791 553 1826 583 A.
1854 559 1960 584 verte-

138 600 223 630 brali
245 602 496 629 communicans.
548 600 676 628 Surculi
697 600 794 638 hujus
818 600 972 628 nonnulli
995 600 1077 628 MM.
1102 599 1180 627 colli
1207 609 1241 626 se
1269 600 1475 637 immergunt.
1531 598 1593 626 Hic
1617 607 1724 625 ramus
1748 607 1815 625 non
1833 606 1960 635 semper

137 646 276 680 utroque
294 642 396 671 latere
417 644 585 682 reperitur,
607 642 770 671 interdtun
793 644 981 682 perexiguus
1012 647 1139 670 tantum
1162 646 1211 669 est
1233 645 1266 669 et
1289 650 1363 668 cum
1384 640 1419 669 A.
1442 639 1615 670 vertebrali
1639 649 1707 668 non
1735 638 1881 673 confluit,
1902 638 1960 667 sed

134 685 171 712 i'n
200 684 278 713 colli
299 684 382 713 MM.
408 686 581 714 evanescit.

285 725 441 765 Quartam
464 729 548 755 circa
567 727 750 756 vertebram
774 726 862 761 colli,
881 724 918 755 A.
943 725 1101 755 carotides
1125 735 1312 754 communes
1336 734 1354 752 a
1376 735 1410 753 se
1432 724 1599 762 recedunt,
1631 729 1664 753 et
1681 723 1770 753 infra
1794 722 1958 751 maxillam

132 766 322 797 inferiorem
346 768 582 807 dispescuntur,
603 771 654 797 in:

283 810 315 848 g)
336 809 376 841 A.
400 811 591 840 cervicalem
615 810 876 846 descendentem,
899 821 984 849 quae
1005 812 1089 840 circa
1110 810 1293 839 vertebram
1318 808 1396 837 colli
1427 808 1602 836 secundam
1634 818 1651 836 e
1680 809 1804 847 pariete
1827 811 1956 836 externa

132 849 172 880 A.
198 852 348 880 carotidis
370 855 552 881 eommunis
575 855 684 889 oritur,
708 856 743 882 in
764 853 845 881 MM.
870 858 902 881 et
925 858 1031 881 cutem
1056 852 1133 880 colli
1157 852 1361 891 dispergitur,
1385 856 1491 889 atque,
1519 852 1557 880 N.
1583 860 1699 889 vagum
1724 851 1956 884 concomitans,

134 902 207 921 cum
226 891 266 923 A.
289 895 442 923 cervicali
466 895 683 924 adscendente
706 897 831 935 postica
854 896 891 932 (§.
914 893 942 923 5.
964 895 1009 931 b.)
1033 896 1254 923 anastomosin
1278 893 1390 922 efficit.

280 936 318 972 h)
342 936 481 965 Ramum
502 937 541 965 ad
565 938 648 966 MM.
671 943 808 966 rostrum
829 942 1009 966 moventes.
1051 936 1203 964 Surculus
1224 936 1321 974 hujus
1345 934 1433 963 MM.
1457 934 1535 963 colli
1560 935 1741 973 superiores
1767 933 1842 962 adit.

279 978 366 1007 Tum
389 984 527 1019 utraque
549 978 587 1008 A.
609 982 727 1009 carotis
757 981 938 1008 communis
961 978 1097 1008 discedit
1121 980 1156 1006 in
1176 977 1215 1008 A.
1236 975 1410 1006 carotidem
1432 977 1587 1006 facialem
1611 981 1643 1005 et
1665 976 1869 1005 cerebralem.

593 1041 636 1071 II.
705 1041 765 1070 In
811 1041 1075 1070 Gallina
1119 1041 1487 1080 gallinacea.

276 1099 440 1128 Decursus
464 1098 501 1129 A.
525 1100 704 1130 carotidum
726 1102 960 1133 communium,
979 1110 1068 1129 ramo
1090 1111 1163 1128 cum
1187 1098 1227 1128 A.
1248 1099 1424 1129 vertebrali
1448 1100 1712 1127 communicante
1732 1095 1788 1139 (f)
1812 1103 1952 1137 excepto,

132 1140 172 1169 ab
197 1150 234 1169 eo
258 1139 294 1170 A.
318 1142 448 1170 carotid.
470 1153 632 1172 commun.
663 1142 776 1171 Anatis
809 1153 876 1170 non
898 1142 1015 1171 differt.
1061 1142 1152 1170 Infra
1183 1142 1347 1170 maxillam
1375 1141 1575 1174 inferiorem,
1605 1146 1743 1179 utraque
1775 1139 1811 1170 A.
1836 1143 1952 1170 carotis

130 1184 311 1212 communis
340 1183 477 1213 discedit
502 1187 537 1213 in
560 1184 596 1215 A.
622 1184 797 1214 carotidem
820 1184 983 1218 facialem,
1006 1185 1202 1212 cerebralem
1223 1190 1256 1212 et
1276 1182 1313 1213 A.
1336 1183 1633 1212 inframaxillarem.

671 1248 734 1276 III.
802 1247 863 1276 In
906 1247 1169 1275 Falcone
1211 1246 1405 1276 milvo.

277 1303 402 1333 Eodem
424 1304 518 1334 modo
546 1316 645 1344 quam
665 1308 701 1335 in
722 1306 854 1335 Gallina
874 1305 1056 1345 gallinacea
1079 1305 1264 1336 decurrunt.
1308 1305 1510 1336 Dividuntur
1533 1309 1642 1334 autem
1660 1305 1696 1333 in
1718 1302 1753 1333 A.
1776 1304 1951 1334 carotidem

127 1345 280 1375 facialem
304 1352 336 1376 et
357 1348 563 1377 cerebralem.

733 1411 790 1441 IV.
853 1411 915 1439 In
956 1411 1144 1440 Corvo
1193 1412 1341 1450 pica.

276 1468 424 1506 Utraque
443 1467 482 1498 A.
515 1471 631 1498 carotis
663 1472 844 1498 communis
873 1470 975 1499 latere
1006 1480 1063 1498 suo
1094 1475 1191 1510 caput
1218 1479 1330 1499 versus
1352 1467 1563 1507 progreditur,
1592 1473 1625 1497 et
1651 1470 1688 1497 in
1710 1467 1746 1499 A.
1773 1469 1949 1499 carotidem

125 1510 288 1544 facialem‚
312 1512 507 1539 cerebralem
533 1517 565 1540 et
586 1511 622 1543 A,
648 1513 853 1551 occipitalem
877 1512 1022 1541 discedit.
1070 1512 1109 1539 In
1135 1512 1263 1551 angulo,
1288 1512 1429 1550 digressu
1450 1509 1486 1541 A.
1517 1511 1695 1540 carotidum
1724 1514 1948 1541 communium

125 1552 275 1588 formato,
303 1553 458 1587 ramulus,
484 1556 520 1581 in
544 1554 627 1585 MM.
657 1554 734 1583 colli
765 1555 979 1583 anterioribus
999 1554 1187 1588 ascendens,
1218 1556 1326 1583 oritur.
1366 1553 1394 1580 E
1419 1555 1533 1591 quavis
1555 1552 1590 1582 A.
1619 1553 1761 1583 carotide
1782 1556 1948 1583 communi

124 1595 268 1623 ramulus
290 1597 392 1623 oritur
412 1595 631 1634 oesophageus
651 1596 848 1626 descendens
869 1599 1035 1636 posterior.

273 1635 312 1665 A.
335 1638 515 1676 occipitalis
541 1649 557 1666 e
575 1640 698 1676 pariete
719 1641 897 1677 posteriore
920 1638 955 1668 A.
975 1638 1125 1667 carotidis
1145 1640 1327 1667 cummunis
1351 1639 1522 1676 utriusque
1544 1637 1654 1667 lateris
1676 1639 1788 1673 oritur,
1812 1644 1844 1668 et
1867 1649 1946 1668 eun-

125 1677 198 1708 dem
218 1677 389 1708 decursum
413 1684 528 1716 servat,
555 1690 590 1708 ac
616 1690 653 1709 ea
677 1680 828 1709 Gallinae
851 1681 953 1721 gallin
983 1680 1023 1718 (ᾗ.
1046 1679 1075 1710 S.
1098 1681 1157 1717 b.).

983 1786 1010 1826 §.
1054 1787 1083 1816 a.

793 1847 831 1881 A
861 1847 1037 1882 carocis
1060 1846 1263 1890 facialis.

842 1915 865 1946 I.
909 1917 925 1945 I
949 1927 972 1944 n
1013 1915 1040 1945 A
1062 1927 1083 1945 n
1108 1927 1126 1945 a
1147 1921 1161 1945 t
1185 1927 1212 1944 e.

271 1971 316 2000 Hi
336 1973 418 2000 rami
440 1982 476 2000 ex
496 1982 534 2001 ea
555 1971 726 2011 prodeunt.

270 2014 296 2050 i)
319 2014 444 2042 Primus
474 2014 534 2050 ¹¹),
556 2017 698 2054 proxime
721 2027 738 2045 a
761 2017 922 2047 divisione
943 2019 1060 2053 oriens,
1089 2015 1126 2047 A.
1151 2017 1323 2056 temporali
1351 2022 1384 2046 et
1411 2016 1569 2045 maxillari
1591 2018 1740 2045 internae
1761 2015 1831 2046 fere
1854 2027 1939 2046 com-

119 2054 280 2096 parandus
302 2061 367 2092 est3
387 2056 523 2085 inflexus
544 2067 630 2096 pone
652 2069 686 2087 os
711 2059 914 2097 quadratum,
936 2061 1022 2088 inter
1040 2060 1101 2088 hoe
1123 2065 1155 2088 et
1179 2059 1412 2095 mandibulam,
1441 2058 1597 2093 ascendit,
1628 2056 1803 2087 nonnullos
1832 2069 1939 2088 ramu-

118 2099 169 2127 los
192 2098 377 2127 articulares
403 2103 435 2127 et
454 2101 675 2129 massetericos
694 2104 805 2136 mittit,
834 2108 904 2131 tum
934 2102 1020 2130 infra
1048 2113 1081 2130 os
1112 2101 1305 2140 quadratum
1336 2102 1477 2130 decurrit
1505 2106 1537 2130 et
1567 2106 1642 2130 ante
1662 2100 1724 2129 hoc
1754 2102 1790 2129 in
1818 2101 1937 2130 faciem

118 2142 265 2170 vertitur.
310 2138 395 2169 Ante
414 2149 449 2170 os
471 2140 662 2179 quadratum
691 2153 798 2172 ramus
821 2156 856 2174 ex
886 2155 923 2173 eo
952 2144 1070 2183 prodit,
1104 2143 1135 2182 1)
1156 2146 1331 2174 introrsum
1360 2154 1505 2183 vergens,
1538 2146 1597 2183 qui
1624 2153 1697 2172 cum
1724 2141 1761 2172 A.
1795 2144 1937 2173 carotide

120 2181 285 2217 cerebrali,
310 2188 486 2220 antequam
510 2185 656 2212 cranium
676 2186 863 2224 ingreditur,
886 2188 1113 2216 communicat.

268 2223 303 2260 2)
328 2225 427 2263 Cujus
449 2225 572 2254 surculi
593 2226 677 2256 MM.
702 2235 892 2259 masseteres
915 2234 1043 2269 petunt,
1066 2228 1105 2258 ad
1126 2228 1256 2269 plexum
1277 2228 1478 2258 maxillarem
1500 2229 1545 2266 (v.
1568 2227 1594 2266 §-
1616 2225 1663 2265 9.)
1686 2227 1912 2267 proficiscitur.

129 2288 587 2302 ——p-———-—

264 2320 306 2354 10)
327 2321 441 2359 Crivier,
461 2321 480 2346 l.
500 2331 525 2346 c.
547 2322 608 2349 268.

268 2355 315 2388 Π)
335 2355 529 2388 Tiedemann,
547 2356 568 2383 l.
592 2365 616 2386 c.
636 2357 662 2390 ξ.
682 2353 743 2386 495.
764 2357 790 2386 7.
