2049 2830
503 1046 1108 1102 CURRICULUM
1180 1045 1453 1102 VITAE

788 1179 857 1211 EX
896 1177 1162 1211 DECRETO

139 1285 382 1322 GRATIOSI
418 1287 739 1322 MEDICORUM
772 1285 981 1320 ORDINIS
1023 1281 1412 1321 UNIVERSITATIS
1451 1281 1814 1318 BEROLINENSIS

711 1395 1239 1426 ADIECTUM.

68 1565 160 1645 Ego
184 1605 365 1634 Fridericus
398 1605 510 1640 Bauer,
543 1611 636 1634 natus
667 1616 739 1634 sum
761 1604 960 1644 Brunsvigae
992 1603 1045 1633 die
1073 1602 1215 1633 secundo
1237 1604 1358 1634 mensis
1383 1603 1574 1633 Decembris
1602 1613 1690 1632 anno
1717 1602 1892 1631 millesimo

69 1650 356 1687 septingentesimo
380 1649 588 1686 nonagesimo
616 1659 711 1683 nono,
741 1653 832 1687 patre
854 1647 968 1675 Carolo
996 1647 1111 1680 Bauer,
1140 1651 1243 1674 matre
1276 1657 1293 1675 e
1318 1651 1413 1684 gente
1441 1646 1658 1675 Praetoriana.
1705 1644 1819 1674 Primis
1841 1644 1895 1672 lit-

68 1695 210 1718 terarum
244 1689 413 1718 elementis
440 1691 475 1717 in
502 1690 622 1718 scholis
648 1690 859 1718 inferioribus
886 1690 1030 1717 imbutus
1059 1699 1143 1722 sum,
1171 1687 1290 1716 deinde
1321 1688 1536 1726 Gymnasium
1560 1688 1783 1716 Martinaeum
1805 1685 1893 1725 quod

69 1732 268 1770 Brunsvigae
291 1731 383 1760 floret
405 1731 621 1769 frequentavi.
666 1733 762 1761 Anno
797 1732 910 1760 aetatis
934 1731 1057 1760 decimo
1081 1735 1196 1770 quarto
1227 1732 1263 1758 in
1292 1730 1497 1759 alumnorum
1525 1731 1668 1758 instituti
1700 1730 1896 1758 anatomico-

72 1774 242 1811 chirurgici
265 1773 522 1807 Brunsvicensis,
545 1784 716 1802 numerum
737 1779 884 1813 receptus
912 1784 995 1808 sum,
1017 1783 1082 1811 quo
1106 1783 1143 1801 ex
1162 1777 1304 1811 tempore
1329 1770 1520 1806 anatomiae,
1543 1772 1726 1810 chirurgiae
1751 1773 1896 1809 artisque

70 1816 276 1845 obstetriciae
306 1815 450 1843 studium
473 1815 636 1855 amplexus
658 1827 741 1850 sum,
772 1821 871 1853 atque
900 1815 989 1844 hisce
1017 1815 1292 1854 praelectionibus
1316 1814 1469 1843 interfui=
1511 1814 1563 1844 Pr.
1586 1815 1642 1844 Dr.
1672 1814 1827 1846 Zimmer,
1856 1813 1896 1842 de

71 1859 233 1886 anatomia
254 1857 441 1892 universali,
471 1863 539 1886 arte
564 1868 696 1898 corpora
728 1863 855 1887 mortua
885 1857 1066 1886 dissecandi
1096 1862 1128 1885 et
1158 1856 1321 1885 medicina
1346 1856 1487 1893 forensi余
1524 1857 1576 1886 Pr.
1601 1857 1659 1888 Dr.
1684 1855 1830 1884 Scheller
1853 1854 1894 1884 de

70 1899 285 1940 physiologia,
315 1902 451 1928 materia
474 1899 654 1939 chirurgica
677 1906 709 1929 et
730 1900 938 1938 toxicologia3
959 1899 992 1928 P.
1014 1900 1072 1928 Dr.
1093 1899 1287 1937 Heusinger,
1309 1898 1348 1927 de
1373 1898 1559 1939 pathologia
1583 1898 1737 1937 generali,
1761 1897 1895 1936 speciali

72 1947 105 1970 et
127 1941 167 1970 de
197 1942 359 1980 akiurgia,
392 1941 440 1970 Pr.
464 1942 522 1972 Dr.
547 1942 664 1971 Fricke
688 1942 727 1971 de
759 1942 894 1981 physice
917 1947 950 1970 et
975 1941 1116 1976 chemia,
1156 1941 1207 1972 Pr.
1228 1942 1285 1970 Dr.
1316 1941 1461 1977 Cramer,
1491 1941 1531 1970 de
1562 1941 1721 1980 chirurgia
1749 1939 1894 1979 speciali,

73 1984 217 2022 akiurgia
246 1994 306 2012 nec
338 1993 404 2011 non
433 1983 473 2011 de
504 1989 570 2012 arto
600 1985 786 2013 obstetricia
813 1986 949 2022 ejusque
979 1983 1260 2012 exercitationibus
1287 1985 1452 2022 practicis5
1486 1983 1680 2011 Prosectoris
1702 1981 1836 2011 Osthoff
1857 1981 1898 2009 do

74 2031 142 2054 arte
165 2025 282 2053 fascias
311 2025 519 2064 imponendi,
549 2027 744 2064 morbosque
777 2028 897 2055 ossium
927 2025 1075 2055 sanandi.
1120 2025 1212 2054 Bello
1240 2024 1276 2054 A.
1302 2025 1346 2055 M.
1373 2025 1557 2054 DCCCXV.
1592 2025 1732 2053 conflato
1762 2033 1897 2052 munere

74 2067 215 2106 chirurgi
237 2067 410 2101 auxiliaris,
437 2067 555 2096 medici
581 2070 727 2107 primarii
759 2070 913 2097 exercitus
944 2068 1200 2101 Brunsvicensis,
1229 2066 1369 2101 Cramer,
1390 2066 1522 2096 functus
1546 2077 1628 2095 sum.
1672 2067 1897 2105 Brutis-vigiam

74 2109 172 2138 redux
195 2112 316 2147 majore
338 2120 411 2137 cum
434 2119 542 2138 amore
563 2110 669 2139 studio
692 2112 821 2144 navavi,
844 2115 942 2148 atque
965 2121 1074 2138 rursus
1096 2109 1381 2149 praelectionibus,
1410 2119 1547 2147 quarum
1579 2110 1780 2137 mentionem
1801 2113 1897 2136 antea

74 2151 139 2180 feei
162 2161 221 2179 nec
242 2161 310 2180 non
327 2152 609 2180 exercitationibus
632 2152 759 2181 clinicis
781 2153 870 2181 beati
899 2152 1023 2191 Berger,
1053 2162 1128 2180 usus
1157 2162 1237 2180 sum.
1281 2150 1374 2180 Anno
1397 2151 1442 2180 M.
1468 2151 1507 2179 D.
1530 2150 1701 2179 CCCXXI.
1726 2152 1898 2190 primarius

75 2192 219 2222 medicus
244 2195 399 2221 exercitus
422 2194 584 2222 Borussici
604 2195 662 2223 Dr.
688 2195 846 2229 Goereke,
871 2194 987 2223 beatae
1010 2195 1197 2227 memoriae,
1217 2204 1335 2222 munus
1359 2192 1499 2232 chirurgi
1519 2193 1670 2221 militaris
1694 2194 1729 2221 in
1751 2203 1803 2221 me
1825 2202 1900 2221 ccu-

73 2235 173 2268 tulit余
200 2234 276 2263 iude
295 2236 509 2273 sequentibus
530 2236 804 2275 praelectionibus
824 2236 975 2265 interfui:
1009 2236 1060 2264 Ill.
1082 2235 1251 2276 Rudolphi
1279 2235 1319 2264 de
1341 2234 1590 2274 encyclopaedia
1610 2240 1642 2264 et
1663 2234 1901 2274 methodologia

75 2276 209 2310 medica,
233 2276 272 2305 do
293 2276 507 2317 physiologia,
528 2280 690 2309 anatomia
711 2279 898 2312 universali,
918 2288 1108 2317 organorum
1123 2288 1289 2311 sensuum,
1311 2277 1515 2316 pathologica
1533 2282 1565 2305 et
1588 2279 1816 2316 comparativa,
1838 2286 1900 2305 nec

77 2320 187 2347 minus
209 2319 322 2347 eodem
345 2320 431 2352 Viro,
454 2322 507 2348 cui
528 2330 605 2359 prae
631 2323 745 2349 ceteris
770 2331 911 2359 quoque,
933 2321 974 2349 ob
997 2319 1159 2360 permulta
1181 2320 1427 2348 benevolentiae
1451 2321 1629 2358 specimina
1650 2319 1826 2358 plurimum
1846 2318 1901 2347 de-

76 2361 150 2393 beo,
174 2362 210 2388 in
230 2365 297 2389 arte
319 2371 451 2400 corpora
473 2367 599 2390 mortua
625 2362 809 2391 dissecandi
830 2363 960 2391 edoctus
979 2373 1059 2391 sum.
1100 2361 1166 2390 Cel.
1186 2362 1286 2390 Turte
1310 2361 1349 2389 de
1368 2361 1502 2400 physice
1524 2366 1556 2390 et
1577 2361 1717 2396 chemia余
1740 2361 1792 2392 Ill.
1815 2360 1902 2389 Link

78 2402 118 2431 de
142 2403 308 2438 botanice余
332 2402 380 2432 Ill.
402 2402 543 2432 Berends
572 2403 611 2433 de
632 2404 790 2434 librorum
823 2405 909 2434 Celsi
939 2410 971 2433 et
1001 2404 1258 2444 aphorismorum
1290 2404 1495 2443 Hippocratis
1527 2405 1803 2443 interpretatione,
1832 2403 1899 2432 Cel.
