2049 2830
224 317 309 345 Tum
330 315 383 343 hic
405 324 512 343 ramus
534 323 659 342 sursum
707 313 850 349 rocedit3
869 322 975 341 ramos
994 313 1129 352 spargit:

225 357 258 393 3)
279 356 326 385 Ad
351 356 398 385 M.
417 356 644 394 temporalem;
662 365 670 370 ⁵
697 357 709 392 )
741 355 779 383 ad
808 354 995 394 palpebram
1019 354 1223 390 inferiorem;
1259 350 1292 390 5)
1311 351 1348 382 A.
1374 354 1615 392 zygomaticam‚
1640 363 1724 392 quae
1745 355 1782 383 in
1803 364 1886 384 mar-

77 402 151 440 gine
170 401 324 439 superiori
343 400 422 427 ossis
445 399 632 436 zygomatici
655 397 804 430 decurrit,
825 402 857 424 et
876 395 908 433 6)
931 396 1107 430 surculum,
1131 397 1172 424 ob
1194 395 1373 429 decursum,
1396 397 1433 426 A.
1455 401 1657 425 transversae
1680 395 1779 424 faciei
1800 407 1888 426 com-

77 442 265 482 parandum.
310 439 439 469 Deinde
462 445 536 468 ante
557 441 732 477 marginem
755 440 898 467 anticum
921 440 1044 468 orbitae
1067 438 1212 467 ascendit
1234 449 1270 467 ac
1294 437 1437 476 denique
1458 440 1494 466 in
1513 437 1623 467 fronte
1646 443 1678 467 et
1701 438 1798 467 dorso
1815 441 1887 468 nasi

82 484 283 523 dispergitur.

223 525 259 562 k)
279 523 314 552 A.
341 522 613 552 inframaxillaris.
657 522 745 550 Haec
769 522 935 557 dividitur,
959 524 1011 551 in:

228 565 259 602 ’1)
284 566 432 599 Ramnm,
453 564 492 593 A.
515 563 720 602 thyreoideae
743 566 901 604 superiori
925 563 1184 604 comparandum,
1207 573 1272 601 quo
1295 563 1372 592 abit.
1898 582 1900 584 v

228 607 278 643 aa)
296 606 332 636 A.
356 607 552 646 oesophagea
574 606 781 641 descendens,
805 617 888 645 quae
909 607 1009 636 latere
1031 608 1172 642 sinistro,
1203 615 1276 634 cum
1298 604 1336 634 A.
1357 604 1557 644 oesophagea
1581 604 1776 634 ascendente
1799 604 1838 643 (§.
1860 601 1890 635 4.

86 649 114 679 d.
137 649 202 685 dd.)
224 652 375 687 jungitur.

228 691 261 727 2)
284 691 317 719 A.
336 690 518 728 hyoideam,
543 689 582 718 ad
601 690 684 720 MM.
710 700 809 719 cornu
830 692 945 727 majori
969 692 1047 719 ossis
1072 689 1204 728 hyoidei
1226 691 1375 727 insertos,
1407 699 1491 728 quae
1508 689 1651 718 ramulos
1671 689 1774 718 mittit
1794 688 1829 725 α)
1854 687 1895 717 ad

84 733 254 766 micheam,
276 732 308 771 β)
332 733 370 760 ad
390 733 556 771 laryngem
577 734 785 771 superiorem,
808 734 866 770 qui
889 743 961 760 cum
984 732 1019 762 A.
1039 732 1175 771 linguali
1200 733 1344 761 confluit.

229 775 254 810 1)
279 774 314 803 A.
344 774 494 812 lingualis
522 774 582 812 ¹²).
638 774 727 803 Inter
753 774 974 803 mandibulam
1003 780 1034 803 et
1067 775 1266 814 pharyngem
1295 774 1455 812 decurrit3
1490 778 1522 803 et
1553 774 1638 802 circa
1668 782 1783 812 corpus
1813 773 1893 800 ossis

85 816 214 855 hyoidei
235 819 270 844 in
289 822 352 844 tres
379 816 534 845 dividitur
553 827 669 845 ramos.
717 830 728 835 -

231 857 263 895 ’1)
288 859 407 887 Versus
437 869 470 887 os
491 858 666 897 hyoideum
690 858 914 897 proficiscitur,
947 858 1112 886 surculum
1144 859 1225 885 rami
1251 857 1397 892 secundi,
1429 863 1461 886 et
1483 858 1645 887 ramulum
1671 856 1710 886 A.
1738 855 1895 894 hyoideae

86 901 129 937 (k.
156 900 183 928 2.
203 899 246 938 β.)
267 902 400 939 recipit;
419 905 490 928 tum
513 900 667 929 dividitur
690 903 725 928 in
746 901 860 928 ramul.
886 902 1082 937 superiorem
1106 905 1138 928 et
1169 900 1265 929 infer.
1312 900 1462 939 Superior
1493 902 1529 928 in
1558 900 1660 928 latere
1689 904 1818 928 externo
1845 908 1895 926 os-

86 945 128 970 sis
149 942 279 979 hyoidei
300 948 330 970 et
353 943 453 970 latere
480 945 643 981 superiore
670 944 769 980 partis
795 944 959 970 anterioris
983 944 1061 970 ossis
1083 941 1223 980 hyoidei,
1247 943 1343 978 (ossis
1366 943 1509 981 linguae)
1532 942 1683 975 decurrit,
1706 946 1739 970 et
1759 950 1832 968 cum
1856 937 1894 968 A.

83 984 242 1024 profunda
261 984 391 1022 linguae
413 986 638 1019 committitur;
664 984 800 1012 inferior
824 984 907 1012 latus
928 984 1063 1012 inferius
1088 987 1166 1012 ossis
1185 984 1316 1022 hyoidei
1338 986 1506 1023 percurrit,
1528 986 1614 1012 inter
1634 984 1697 1012 hoc
1719 987 1752 1011 et
1775 992 1808 1010 os
1832 981 1896 1009 lin-

85 1037 163 1065 guae
188 1025 310 1054 ramulo
337 1027 373 1054 A.
399 1025 611 1064 sublingualis
635 1026 844 1059 inosculatur‚
877 1031 907 1054 et
934 1028 969 1053 in
998 1026 1075 1054 duos
1100 1026 1254 1054 dividitur
1282 1027 1438 1061 surculos,
1469 1029 1635 1054 internum
1662 1030 1695 1054 et
1718 1029 1894 1053 externum.

84 1067 233 1096 :sarculus
253 1069 408 1102 internus,
433 1078 542 1096 versus
561 1067 705 1095 medium
729 1070 808 1096 ossis
828 1068 958 1106 linguae
982 1067 1097 1100 tendit,
1118 1078 1190 1096 cum
1214 1078 1250 1096 eo
1279 1068 1389 1096 lateris
1418 1070 1557 1107 oppositi
1582 1067 1717 1096 confluit
1741 1071 1772 1094 et
1791 1075 1897 1093 ramu-

83 1110 151 1137 lum
177 1108 288 1142 efficit,
308 1112 342 1136 in
362 1109 467 1137 medio
490 1111 570 1138 ossis
591 1110 721 1147 linguae
738 1110 970 1145 decurrentem,
1002 1115 1034 1139 et
1061 1112 1097 1138 in
1120 1110 1203 1140 MM.
1233 1110 1363 1149 linguae
1393 1109 1587 1149 dispersum3
1619 1114 1779 1142 externus,
1810 1109 1897 1136 inter

84 1151 166 1179 MM.
189 1151 328 1189 linguae,
351 1161 454 1188 usque
477 1150 516 1179 ad
541 1153 664 1190 apicem
691 1151 787 1189 hujus
811 1152 966 1190 procedit.

231 1193 264 1227 2)
287 1192 406 1220 Ramus
428 1192 585 1221 secundus
608 1193 644 1221 A.
668 1193 828 1231 lingualis‚
851 1194 1010 1221 ramulum
1032 1195 1143 1227 mittit,
1169 1193 1208 1221 ad
1227 1203 1352 1221 ramum
1374 1195 1527 1233 primum.
1573 1193 1636 1221 Hic
1659 1194 1694 1221 in
1716 1191 1899 1220 substantia

85 1234 214 1273 linguae
244 1233 379 1262 discedit
402 1236 436 1262 in
459 1233 495 1263 A.
517 1234 709 1273 profundam
736 1241 767 1262 et
790 1235 947 1263 dorsalem
970 1235 1109 1273 linguae.
1801 1262 1803 1264 .

231 1275 264 1312 3)
287 1276 406 1303 Bauius
428 1278 552 1309 tertius,
576 1275 610 1304 A.
637 1277 861 1314 sublingualis,
881 1276 1044 1304 surculum
1067 1278 1167 1304 mittit
1195 1275 1235 1304 ad
1256 1275 1417 1304 ramulum
1450 1275 1639 1305 inferiorern
1671 1277 1755 1304 rami
1784 1276 1900 1313 primi3

86 1324 154 1346 tum
174 1328 246 1346 cum
269 1317 380 1346 eodem
404 1318 534 1345 alterius
555 1317 664 1346 lateris
688 1319 832 1352 confluit,
858 1323 889 1346 et
909 1320 944 1346 in
968 1324 1041 1346 cute
1061 1320 1146 1346 inter
1166 1328 1270 1347 ramos
1294 1318 1514 1354 mandibulae,
1544 1329 1648 1357 usque
1676 1317 1716 1346 ad
1747 1316 1899 1356 gonidem

85 1359 233 1388 decurrit.
278 1357 314 1387 A.
339 1359 487 1397 lingualis
507 1361 646 1393 sinistra,
671 1359 777 1387 dextra
800 1362 901 1397 major
929 1365 985 1388 est.
1187 1371 1194 1374 ·

235 1401 282 1438 m)
302 1401 431 1436 Eamus,
457 1403 492 1429 in
522 1401 599 1429 duos
620 1402 759 1429 ramulos
792 1402 922 1430 divisus.
971 1402 1093 1429 Horum
1120 1401 1207 1436 alter,
1234 1401 1317 1430 MM.
1344 1402 1459 1440 angulo
1482 1401 1693 1430 mandibulae
1715 1401 1844 1429 insertis
1866 1404 1899 1427 et

87 1442 406 1482 pharyngi'surculos
430 1442 571 1478 exhibet;
595 1443 674 1470 alter
694 1448 789 1481 caput
812 1454 920 1472 versus
940 1443 1122 1482 paullulum
1145 1444 1291 1482 procedit
1317 1449 1349 1472 ct
1371 1446 1406 1472 in
1428 1450 1491 1472 tres
1520 1444 1674 1473 dividitur
1695 1442 1851 1471 surculos.

237 1483 268 1520 1)
292 1483 326 1512 ln
350 1484 427 1512 duos
451 1484 605 1513 dividitur
626 1486 781 1517 surculos,
805 1487 863 1522 qui
886 1487 1004 1514 iterum
1032 1488 1274 1525 conjunguntur
1296 1492 1327 1514 et
1349 1486 1510 1514 ramulum
1534 1490 1736 1519 construunt,
1757 1487 1792 1513 in
1814 1494 1898 1512 mar—

91 1528 162 1565 gine
180 1526 332 1554 inferiore
355 1528 433 1554 ossis
457 1528 594 1554 vomeris
617 1526 849 1555 decurrentem.

235 1568 268 1602 2)
291 1568 475 1596 Retrorsum
503 1567 725 1607 proficiscitur.

234 1608 267 1645 3)
290 1610 418 1637 Sursum
440 1615 679 1647 retrorsumque
707 1610 888 1649 paullulum
912 1609 1062 1644 decurrit,
1091 1615 1123 1639 et
1151 1621 1224 1639 cum
1252 1621 1352 1645 ramo,
1382 1622 1480 1650 quem
1510 1609 1546 1640 A.
1578 1613 1692 1640 carotis
1724 1611 1898 1640 cerebralis

91 1653 185 1687 misit,
211 1657 382 1688 antequam
404 1653 547 1679 cranium
567 1652 755 1690 ingreditur,
784 1653 927 1680 confluit.

232 1693 268 1729 n)
291 1694 329 1723 A.
350 1693 540 1731 pharyngea.
588 1692 740 1722 surculos
769 1694 851 1721 MM.
884 1704 983 1722 cornu
1014 1696 1128 1732 majori
1153 1696 1232 1723 ossis
1263 1694 1396 1732 hyoidei
1418 1700 1450 1723 et
1472 1695 1681 1723 mandibulae
1701 1696 1831 1723 insertis
1855 1700 1901 1723 at-

94 1745 156 1772 que
171 1737 254 1773 parti
273 1745 440 1773 supremae
465 1735 634 1773 pharyngis
662 1737 789 1774 spargit,
818 1740 849 1764 et
874 1747 946 1763 cum
969 1737 1106 1770 ramulo,
1135 1735 1160 1763 A
1183 1737 1324 1765 carotide
1355 1737 1521 1771 cerebrali,
1551 1742 1725 1775 antequam
1755 1739 1901 1765 cranium

93 1777 277 1815 ingreditur,
300 1779 425 1808 emisso,
451 1779 663 1814 conjungitur.

238 1818 270 1852 ο)
293 1817 327 1845 A.
351 1819 465 1846 caretis
485 1818 609 1845 facialis
633 1818 772 1856 denique
796 1820 899 1847 instar
922 1821 1055 1848 arteriae
1076 1820 1240 1859 palatinae
1273 1819 1490 1854 ascendentis,
1522 1822 1742 1850 continuatur.
1788 1819 1836 1849 Ad
1857 1820 1903 1849 Ia-

93 1865 142 1888 tus
165 1865 380 1900 aperturarum
401 1861 613 1898 posteriorum
634 1863 702 1887 nasi
725 1861 879 1898 procedit,
904 1866 936 1889 et
958 1863 1094 1889 emittit:

239 1900 270 1938 1)
293 1901 446 1929 Barnulos
470 1902 645 1929 nonnullos
667 1902 705 1929 ad
731 1903 810 1930 MM.
831 1903 932 1942 palati
955 1908 986 1931 et
1005 1903 1212 1942 pharyngem.

235 1942 268 1978 2)
291 1942 428 1970 Ramurn
450 1945 602 1980 majorem
625 1943 662 1971 ad
681 1943 806 1981 plexum
828 1945 1025 1972 maxillarem
1050 1946 1093 1981 (v.
1115 1948 1140 1983 ᾗ.
1163 1944 1209 1981 9.)

237 1983 271 2019 3)
295 1984 432 2012 Raruum
453 1984 554 2012 latere
574 1984 727 2013 inferiore
751 1986 859 2024 anguli
878 1989 1000 2015 externi
1020 1989 1114 2015 rostri
1143 1987 1375 2016 decurrentem.

237 2024 323 2055 Ante
344 2031 504 2064 aperturas
519 2028 587 2054 nasi
605 2029 794 2065 posteriores
817 2029 928 2057 ambae
943 2031 1027 2057 inter
1049 2039 1083 2057 se
1102 2031 1351 2069 conjunguntur.
1395 2028 1423 2056 E
1441 2038 1539 2066 ramo,
1559 2027 1599 2059 A.
1616 2029 1771 2070 palatinis
1788 2030 1906 2058 utrius-

98 2076 161 2105 que
185 2065 293 2095 lateris
311 2067 459 2101 formato,
487 2069 659 2105 utrobique
686 2079 792 2097 ramus
828 2072 943 2099 oritur:

242 2105 274 2144 4)
298 2108 355 2136 Per
378 2109 523 2137 fissuram
545 2111 721 2148 palatinam
754 2122 867 2139 nasum
895 2112 1088 2151 ingrediens.
1139 2112 1201 2140 Hic
1232 2112 1341 2152 plures
1369 2111 1511 2141 ramulos
1541 2112 1578 2142 A.
1602 2112 1807 2142 ethmoidalis
1829 2114 1908 2142 reci·

101 2151 155 2186 pit,
173 2153 240 2176 turn
261 2160 383 2178 ramum
407 2153 544 2189 primum
565 2152 601 2179 N.
622 2154 786 2192 trigemini
808 2156 905 2192 petit:
929 2157 964 2182 in
987 2160 1133 2194 apertura
1156 2156 1227 2183 nasi
1253 2156 1411 2183 anteriore
1432 2165 1558 2183 sursum
1580 2155 1729 2191 flectitur,
1752 2157 1787 2184 in
1807 2165 1907 2184 mem·
1938 2176 1944 2177 ff

98 2191 196 2218 brana
219 2190 466 2221 Schneideriana
487 2193 687 2232 dispescitur,
711 2200 742 2222 et
762 2206 834 2223 cum
853 2198 949 2224 ramis
971 2197 1188 2236 superioribus
1211 2195 1248 2228 A.
1271 2196 1478 2226 ethmoidalis
1501 2199 1719 2236 conjungitur.

241 2231 277 2260 A.
299 2233 461 2271 palatinae
480 2240 614 2265 truncus
638 2246 740 2275 usque
760 2237 798 2265 ad
823 2240 946 2276 apicem
968 2241 1062 2267 rostri
1083 2238 1238 2278 procedit.

245 2361 288 2394 ¹2)
308 2361 488 2387 Tiedemann
508 2363 527 2387 1.
551 2372 574 2387 c.
594 2363 617 2395 §.
636 2343 699 2392 ¹495.
720 2363 746 2390 6.
