2049 2830
988 677 1014 713 ς.
1063 673 1090 704 1.

762 759 1050 793 Arteria
1101 764 1315 792 norea.

139 813 191 873 E
210 848 386 879 ventriculo
411 847 513 877 cordis
545 849 674 876 sinistro
703 847 871 886 prodiens,
899 848 1005 875 statim
1029 847 1064 873 in
1091 850 1222 873 truncos
1245 853 1434 882 anonymos,
1456 843 1598 872 dextrum
1620 849 1651 873 et
1668 846 1834 875 sinistrum
1857 852 1889 876 et
1909 845 1945 879 A.

142 898 259 922 aortam
282 890 538 924 descendentem,
567 901 624 919 seu
643 891 811 928 posticam,
830 893 967 926 utroque
987 892 1100 916 trunco
1125 896 1284 926 anonymo
1305 896 1371 915 non
1390 888 1553 925 majorem,
1577 886 1721 917 discedit.
1747 888 1776 926 ¹)

988 972 1014 1008 §-
1059 969 1089 998 2.

683 1034 901 1068 Arteriae
929 1033 1200 1068 coronariae
1233 1031 1392 1065 cordis.

284 1105 331 1133 Ex
352 1103 391 1133 A.
422 1109 520 1137 aorta,
543 1103 679 1132 simulac
700 1114 717 1131 c
739 1103 918 1132 ventriculo
943 1104 1071 1131 sinistro
1095 1101 1197 1131 cordis
1220 1102 1363 1134 surrexit,
1383 1102 1588 1140 proveniunt.
1640 1099 1770 1135 Dextra,
1801 1111 1819 1129 e
1839 1101 1945 1131 media

135 1154 224 1188 parte
246 1148 373 1187 parietis
405 1147 567 1174 anterioris
595 1144 631 1173 A.
655 1150 760 1173 aortae
791 1147 892 1173 oritur
920 1150 952 1173 et
979 1145 1068 1173 illico
1098 1145 1132 1172 in
1163 1143 1241 1172 duos
1266 1153 1370 1171 ramos
1393 1142 1558 1176 dividitur,
1589 1153 1727 1181 quorum
1757 1142 1838 1171 alter
1860 1149 1944 1173 recte

137 1200 246 1220 versus
269 1191 390 1227 apicem
413 1187 513 1216 cordis
534 1187 680 1220 dcem-rit,
700 1192 730 1215 et
752 1189 787 1214 in
809 1186 979 1225 superficie
1001 1188 1155 1215 anteriore
1180 1184 1350 1214 ventriculi
1378 1183 1481 1213 cordis
1505 1184 1605 1213 dextri
1629 1185 1834 1224 dispescitur;
1864 1185 1943 1214 alter

137 1231 279 1260 dextrum
302 1239 410 1260 versus
428 1229 510 1257 latus
532 1229 682 1262 flectitur,
702 1231 786 1257 inter
807 1229 1023 1257 ventriculum
1044 1233 1076 1257 et
1097 1228 1214 1255 atrium
1235 1226 1391 1260 dextrum,
1410 1226 1461 1254 his
1485 1226 1626 1256 ramulos
1649 1237 1811 1267 spargens,
1838 1237 1942 1265 usque

138 1273 176 1303 ad
197 1272 314 1301 faciem
336 1273 491 1310 posticam
510 1270 612 1299 cordis
634 1273 742 1309 serpit.
1815 1304 1816 1308 Ἰ

286 1314 430 1345 Sinistra,
451 1314 573 1350 pariete
595 1313 718 1351 postica
736 1311 773 1340 A.
799 1317 905 1340 aortae
927 1312 1073 1351 exsurgit,
1091 1310 1200 1350 plures
1223 1309 1363 1337 ramulos
1393 1311 1494 1337 mittit
1515 1309 1554 1338 ad
1576 1309 1780 1349 superficiem
1804 1313 1942 1339 anterio—

136 1357 373 1391 remNatriorum
394 1353 515 1389 cordis3
534 1356 618 1382 inter
642 1352 682 1382 A.
703 1353 923 1392 pulmonalem
944 1358 976 1382 et
998 1354 1114 1380 atrium
1137 1353 1302 1380 sinistrum
1326 1350 1522 1385 abscondita,
1552 1353 1770 1381 sinistrorsum
1797 1352 1941 1390 proficis-

135 1401 227 1432 citur,
254 1403 324 1427 tum
352 1396 450 1424 latere
472 1394 575 1424 cordis
606 1396 734 1424 sinistro
760 1400 899 1434 apparet,
926 1400 1098 1423 retrorsum
1119 1394 1257 1422 flectitur
1277 1398 1309 1421 et
1330 1392 1443 1421 deinde
1471 1394 1556 1421 inter
1585 1396 1700 1422 atrium
1729 1399 1760 1422 et
1783 1395 1939 1422 ventricu-

133 1441 212 1474 lum,
233 1437 373 1468 ramulos
396 1437 571 1466 nonnullos
595 1436 789 1476 dispergens,
813 1448 915 1475 usque
934 1436 971 1465 ad
992 1435 1206 1466 ventriculum
1225 1435 1367 1463 dextrum
1390 1434 1537 1464 decurrit.

981 1522 1006 1558 ς.
1053 1518 1082 1548 3.

281 1583 396 1622 Quivis
418 1588 549 1611 truncus
572 1591 762 1621 anonymus,
785 1588 955 1611 extrorsum
980 1591 1172 1619 sursumque
1193 1579 1375 1620 paullulum
1398 1578 1614 1619 progrediens,
1640 1589 1739 1618 prope
1758 1579 1938 1609 bronehum

132 1628 183 1655 sui
203 1625 321 1659 lateris,
345 1627 381 1653 in
401 1622 440 1654 A.
464 1623 637 1652 carotidem
659 1635 860 1653 communem
882 1630 912 1652 ct
934 1624 971 1652 A.
992 1623 1190 1652 subelaviam
1214 1621 1358 1655 discedit,
1390 1627 1422 1650 et
1449 1620 1581 1659 quidem
1609 1623 1644 1649 in
1675 1622 1787 1651 avibus
1812 1624 1941 1659 majori·

130 1669 202 1701 bus,
227 1669 276 1695 uti
298 1669 334 1694 in
357 1665 470 1699 Anate,
492 1666 622 1694 Gallina
643 1667 832 1705 gallinacea,
854 1666 993 1694 Falcone
1017 1665 1117 1694 milvo
1141 1670 1199 1693 etc.
1253 1664 1292 1692 In
1315 1663 1482 1692 nonnullis
1508 1673 1595 1696 vero,
1625 1665 1783 1702 imprimis
1807 1665 1938 1692 minori-

131 1710 205 1742 bus,
227 1714 360 1737 truncus
380 1717 558 1745 anonymus
580 1710 718 1741 sinister,
741 1709 776 1736 in
796 1706 831 1735 A.
856 1707 1026 1736 carotidcm
1049 1716 1253 1735 communem
1276 1710 1307 1734 et
1329 1704 1366 1733 A.
1389 1704 1600 1738 subclaviam,
1627 1707 1676 1733 uti
1703 1707 1739 1733 in
1762 1706 1936 1743 majoribus

133 1751 258 1784 avibus,
282 1750 387 1778 dexter
412 1754 527 1782 autem,
551 1751 585 1777 in
607 1750 644 1778 Α.
670 1749 884 1779 vertebralem
905 1755 936 1777 et
959 1747 994 1778 A.
1016 1748 1216 1777 sabel-aviam
1237 1747 1387 1779 dextram,
1408 1746 1552 1774 discedit.
1595 1744 1635 1775 A.
1659 1748 1773 1774 carotis
1798 1757 1937 1775 commu·

132 1794 180 1820 nis
211 1791 315 1820 dextra
338 1791 390 1819 hic
413 1791 510 1819 deest.
565 1790 635 1819 Hoc
662 1793 768 1830 reperi
793 1793 830 1819 in
854 1789 936 1820 Sitta
959 1800 1127 1829 europaea‚
1157 1789 1259 1818 Corvo
1283 1790 1418 1820 cornice.
1448 1789 1521 1827 pica
1550 1792 1582 1815 et
1610 1788 1786 1826 glandario,
1816 1788 1936 1825 Oryolo

131 1833 268 1872 galbula,
290 1832 415 1861 Alauda
436 1842 576 1865 arvense‚
605 1833 713 1861 Turdo
737 1835 904 1866 viscivoro,
934 1833 1042 1865 Loxia,
1070 1831 1238 1859 Emberiza
1262 1830 1419 1858 citrinclla
1442 1835 1472 1858 ct
1495 1829 1644 1863 miliaria,
1666 1827 1822 1867 Fringilla
1843 1830 1935 1857 caeli-

132 1877 169 1904 be
190 1880 222 1904 et
241 1875 368 1907 linaria,
391 1872 560 1903 Motacssla
581 1874 732 1908 macula,
755 1875 834 1903 Paro
855 1876 980 1913 majori,
1001 1872 1182 1902 Hiruntline
1204 1873 1316 1901 urbica
1340 1877 1372 1900 et
1394 1871 1493 1911 apode
1514 1876 1547 1900 et
1569 1871 1723 1909 Colymbo
1744 1873 1882 1900 cristato.

980 1959 1006 1994 ς.
1050 1952 1080 1985 4.

694 2021 738 2053 Α.
772 2020 1004 2054 carotidcs
1038 2029 1299 2052 communes.
1329 2018 1364 2056 ²>

278 2086 305 2113 E
328 2092 441 2114 trunco
472 2095 631 2124 anonymo
657 2090 891 2125 provenientes,
921 2087 960 2116 ad
983 2088 1067 2116 latus
1089 2087 1238 2116 tracheae
1261 2086 1442 2121 collocatae,
1466 2085 1600 2123 oblique
1622 2089 1829 2124 convergunt,
1851 2095 1935 2124 pone

132 2127 354 2166 oesophagum,
377 2127 529 2163 canalem,
549 2137 606 2166 per
634 2139 799 2167 processus
816 2132 962 2168 spinosos
986 2131 1157 2158 anteriores
1180 2129 1396 2158 vertebrarum
1417 2127 1493 2156 colli
1514 2132 1611 2165 atque
1633 2127 1715 2156 MM.
1738 2129 1778 2155 iis
1798 2129 1934 2155 insertos

129 2168 313 2201 formatum,
333 2171 453 2197 intrant
473 2174 505 2197 et
529 2168 568 2197 ad
588 2179 687 2199 cornu
709 2173 811 2209 majus
832 2173 912 2200 ossis
935 2171 1064 2210 hyoidei
1083 2181 1184 2208 usque
1204 2170 1386 2208 adsurgunt.
1437 2168 1477 2199 A.
1503 2170 1629 2202 carotis,
1651 2179 1735 2206 quae
1755 2169 1934 2197 minoribus

132 2211 242 2238 avibus
263 2221 327 2238 una
348 2216 404 2244 est,
428 2209 541 2239 eodem
563 2211 656 2240 modo
684 2222 719 2240 ac
748 2214 876 2241 sinistra
896 2216 1053 2249 majorum
1076 2214 1182 2242 avium
1215 2212 1364 2246 decurrit,
1399 2217 1430 2241 et
1462 2213 1545 2239 circa
1567 2220 1601 2239 os
1624 2210 1808 2249 hyoideum,
1838 2211 1872 2238 in
1893 2209 1931 2238 A.

132 2251 302 2280 carotidem
323 2261 524 2281 communem
549 2251 688 2282 dextram
706 2258 737 2282 et
756 2256 919 2283 sinistram
941 2255 1140 2294 dispescitur.

278 2347 306 2378 Ι)
330 2345 531 2383 Tiedemann's
550 2346 701 2380 Zoologie,
720 2347 754 2372 B.
776 2349 802 2373 2.
824 2347 848 2378 ἕ.
870 2345 929 2375 493.
1034 2346 1147 2372 Cuvier,
1167 2347 1279 2382 Legons
1299 2346 1476 2372 d'anatomie
1497 2345 1659 2381 comparce.
1692 2344 1726 2372 Β.
1742 2341 1767 2371 4.
1789 2344 1816 2370 S.
1836 2343 1896 2371 266.

275 2379 301 2413 2)
323 2380 504 2405 deemann
523 2380 542 2404 l.
563 2389 587 2405 c.
608 2381 631 2412 §.
653 2378 712 2409 494.
820 2380 923 2405 Cuvier
941 2379 961 2405 l.
981 2388 1004 2405 c.
1020 2390 1048 2414 p.
1072 2381 1130 2407 260.
