2049 2830
925 194 1186 248 -8-'

742 319 785 346 11.
830 318 875 345 In
897 313 1071 346 Gallina
1099 315 1348 355 gallinacea.

293 380 341 407 Ex
365 377 403 406 A.
434 377 608 407 vertebrali
639 377 778 409 sinistra,
806 375 844 404 A.
868 377 979 409 oritur,
1017 374 1056 403 A.
1083 374 1233 404 cervicali
1257 373 1443 403 ascendenti
1463 375 1606 413 posticae
1627 372 1747 410 Anatis,
1768 385 1951 415 comparan—

146 425 195 457 da,
216 422 246 458 6)
277 431 360 459 quae
379 419 537 448 ramulum
563 420 662 446 mittit
680 418 717 445 ad
735 417 920 455 glandulam
940 416 979 447 A.
1001 416 1134 445 carotidi
1156 426 1269 444 comm.
1294 417 1489 455 impositam,
1512 415 1550 444 ad
1571 417 1755 452 acromium,
1778 414 1861 446 MM.
1878 418 1952 445 sub—

146 471 295 494 cutaneos
320 468 352 490 et
371 467 476 490 cutem
500 460 584 495 colli,
607 460 645 487 N.
670 469 786 497 vagum
806 461 1032 492 concomitans,
1057 463 1152 497 caput
1173 468 1283 487 versus
1306 457 1459 492 ascendit,
1493 463 1526 486 et
1551 468 1623 486 cum
1645 457 1685 487 A.
1710 459 1862 499 cervicali
1883 459 1951 487 des-

145 505 299 536 condente
324 503 468 532 confluit.

292 546 408 573 Latere
431 543 547 575 dextro,
572 541 608 570 A.
633 541 795 570 cervicalis
820 541 1004 577 ascendens,
1023 541 1120 569 simul
1139 551 1211 569 cum
1239 539 1274 569 A.
1296 541 1454 580 ingluviei
1484 542 1642 570 anteriore
1665 543 1775 569 oritur.
1829 540 1889 570 Illa
1916 547 1952 570 ut

145 589 253 618 eadem
275 586 402 615 alterius
426 585 535 613 lateris
556 583 705 616 decurrit,
726 583 888 610 ramulum
910 588 1035 611 tantum
1055 593 1149 621 supra
1173 582 1347 620 ingluviem
1369 582 1408 610 ad
1432 582 1648 621 oesophagum
1669 584 1780 611 mittit.

291 629 326 665 b)
346 627 383 656 A.
407 627 570 654 coronaria
591 625 744 663 ingluviei
765 627 912 652 anterior.
957 624 1049 653 Juxta
1075 624 1290 662 oesophagum
1315 624 1469 658 ascendit,
1499 625 1533 651 in
1555 623 1633 653 duos
1658 624 1814 653 dividitur
1835 634 1951 661 ramos,

144 681 280 709 quorum
308 671 427 706 major,
458 670 493 695 in
516 672 685 696 curvatura
712 667 867 694 anteriore
886 665 1043 704 ingluviei
1063 665 1209 700 decurrit,
1241 670 1338 703 atque
1358 676 1430 693 cum
1458 664 1567 694 eodem
1591 666 1719 695 alterius
1741 666 1850 695 lateris
1877 677 1952 695 con-

142 714 299 751 jungitur;
330 712 437 737 minor
463 719 567 745 usque
598 708 637 736 ad
657 707 793 736 mediam
815 707 993 746 ingluviem
1017 706 1170 742 ascendit,
1201 707 1383 746 superficiei
1413 709 1481 745 ejus
1504 705 1631 736 dextrae
1649 708 1790 737 ramulos
1811 709 1951 748 praebet,

142 759 174 783 ct
196 764 268 782 cum
290 761 378 780 ramo
401 750 599 789 oesophageo
620 748 658 778 A.
677 749 842 778 cervicalis
868 749 1069 777 ascendentis
1093 748 1229 782 dextrae,
1250 751 1467 777 anastomasin
1492 747 1618 778 format.
1643 750 1674 785 ⁷)

291 795 320 830 c)
342 792 497 821 Ramulus
521 791 764 830 subscapularis,
790 791 830 819 acl
848 789 933 820 MM.
957 790 1053 818 lateri
1074 789 1221 819 inferiori
1240 790 1392 829 scapulae
1414 793 1562 819 insertos

778 848 836 877 III.
881 849 929 876 In
957 849 1142 876 Falcone
1169 848 1312 877 milvo.

290 908 327 938 A.
352 895 539 938 vertebralis
561 907 720 936 ramulum
741 911 867 934 tantum
889 908 989 934 mittit
1014 905 1053 934 ad
1073 906 1156 933 MM.
1178 905 1256 934 colli
1277 907 1460 935 anteriores.

818 963 872 992 IV.
916 963 962 993 In
992 961 1126 992 Corvo
1158 965 1262 1003 pica.

291 1024 328 1053 A.
349 1023 532 1053 vertebralis
553 1021 671 1056 dextra,
692 1027 728 1050 ut
748 1031 843 1061 supra
868 1025 931 1060 jam
960 1023 1089 1054 monui,
1119 1032 1136 1049 e
1165 1027 1278 1049 trunco
1309 1031 1469 1059 anonymo
1498 1021 1605 1050 dextro
1633 1023 1796 1061 provenit,
1824 1032 1949 1051 sursum

140 1072 378 1103 introrsumque
401 1064 583 1103 paullulum
603 1063 755 1102 procedit,
779 1069 811 1092 et
832 1068 900 1091 tum
924 1063 1069 1091 canalem
1088 1073 1181 1091 suum
1203 1065 1311 1091 intrat.
1358 1061 1439 1091 Ante
1465 1065 1642 1102 ingressum
1667 1064 1811 1092 surculos
1836 1066 1950 1103 imper-

133 1103 189 1143 ¹tit,
215 1109 364 1140 acromio,
387 1106 574 1144 oesophago,
595 1104 742 1133 tracheae
761 1111 794 1133 et
815 1107 881 1133 cuti
905 1104 991 1133 colli.

289 1149 404 1176 Latere
426 1149 564 1180 sinistro,
586 1145 622 1174 A.
647 1147 836 1175 vertebralis
859 1157 875 1175 e
895 1152 1008 1175 trunco
1033 1148 1218 1174 arteriarum
1244 1146 1422 1175 carotidum
1451 1149 1669 1175 communium
1698 1149 1816 1182 oritur,
1843 1157 1879 1175 ac
1903 1157 1950 1175 ra-

140 1203 208 1222 mos
232 1192 339 1225 mittit,
365 1189 403 1218 ad
423 1189 585 1226 laryngem
609 1188 804 1222 inferiorem,
828 1188 1054 1227 oesophagum,
1078 1190 1251 1216 acromium
1276 1194 1307 1216 et
1330 1194 1433 1217 cutem
1457 1188 1542 1216 colli.

990 1294 1016 1330 §.
1063 1290 1092 1321 6.

854 1357 878 1387 Ι.
939 1358 995 1385 In
1038 1356 1238 1386 Anate.

288 1418 327 1448 A.
350 1418 550 1451 vertebralis‚
570 1418 675 1452 ramis,
706 1425 844 1454 quorum
873 1418 1070 1445 mentionem
1093 1416 1168 1449 feci,
1197 1417 1331 1449 emissis,
1359 1416 1504 1447 canalem
1529 1415 1740 1445 vertebralem
1763 1416 1946 1455 ingreditur.

140 1464 286 1492 Protinus
308 1471 414 1489 ramus
435 1463 515 1499 ejus,
538 1459 591 1495 (A.
616 1458 815 1487 intercostali
837 1459 959 1497 primae
977 1458 1117 1487 hominis
1141 1457 1386 1496 comparandus)
1416 1460 1450 1485 in
1477 1458 1641 1491 canalem,
1671 1458 1811 1496 capitulo
1840 1463 1873 1486 et
1900 1464 1949 1487 tu-

140 1504 267 1533 berculo
288 1508 445 1531 costarum
469 1512 504 1529 ac
526 1501 682 1530 vertebris
706 1500 885 1528 dorsalibus
906 1499 1091 1533 formatum,
1119 1499 1298 1533 descendit,
1321 1500 1338 1527 5
1352 1515 1393 1520 ——
1407 1497 1425 1527 6
1455 1501 1585 1528 arterias
1611 1499 1830 1528 intercostales
1859 1511 1949 1539 supe-

140 1549 238 1575 riores
259 1545 395 1578 exhibet,
415 1549 512 1581 atque
535 1553 607 1570 cum
627 1552 715 1570 ramo
737 1542 934 1570 intercostali
954 1544 1057 1580 primo
1076 1541 1116 1570 A.
1141 1546 1246 1570 aortae
1268 1541 1503 1575 descendentis,
1526 1543 1752 1570 communicat.

288 1587 373 1614 Tum
395 1586 433 1613 A.
458 1584 655 1617 vertebralis‚
678 1585 799 1620 quovis*
816 1584 1033 1616 vertebrarum
1056 1583 1133 1612 colli
1152 1585 1336 1617 interstitio,
1358 1593 1463 1611 ramos
1489 1585 1600 1616 mittit,
1629 1585 1818 1611 anteriorem
1841 1589 1873 1611 et
1893 1595 1947 1622 po—

142 1631 315 1660 steriorem,
338 1628 396 1664 qui
416 1628 452 1654 in
472 1626 554 1653 MM.
575 1625 652 1653 colli
675 1625 907 1664 disperguntur,
931 1635 966 1653 ac
986 1625 1130 1654 surculos
1153 1627 1187 1653 in
1211 1625 1353 1653 canalem
1372 1627 1484 1663 spinae
1502 1624 1586 1653 dorsi
1606 1627 1750 1653 mittunt.
1776 1623 1805 1660 8)
1848 1624 1948 1654 Alter—

141 1682 199 1699 nus
225 1671 402 1698 anticorum
424 1669 527 1705 major
549 1672 604 1699 est,
631 1677 807 1704 omnesque
840 1667 1011 1705 superficie
1041 1669 1201 1695 anteriore
1222 1667 1441 1695 vertebrarum
1466 1666 1550 1700 colli,
1581 1672 1648 1694 rete
1671 1666 1807 1695 faciunt.
1853 1667 1948 1695 Rami

141 1711 302 1744 nonnulli,
322 1710 457 1738 laminas
479 1719 595 1741 osseam,
618 1708 763 1736 canalem
787 1709 996 1737 vertebralem
1015 1708 1261 1743 conformantes,
1283 1707 1455 1747 perforant,
1478 1713 1510 1736 et
1538 1710 1574 1735 in
1594 1706 1679 1737 MM.
1704 1708 1779 1737 colli
1802 1707 1947 1747 dispersi,

143 1757 348 1782 evanescunt.
393 1749 453 1778 His
473 1751 568 1777 ramis
591 1750 670 1777 aliae
694 1760 777 1783 aves,
799 1760 879 1787 quas
903 1749 1068 1786 dissecavi,
1092 1754 1206 1778 carent.
1771 1745 1784 1751 ²

288 1793 324 1821 A.
352 1791 554 1825 vertebralis,
588 1791 657 1819 fere
685 1793 721 1818 in
754 1791 860 1820 medio
892 1791 978 1825 colli,
1006 1802 1130 1820 ramum
1153 1792 1452 1826 communicantem,
1481 1801 1516 1818 ex
1541 1789 1577 1818 A.
1610 1790 1751 1819 carotide
1772 1794 1946 1825 communi,

141 1846 236 1874 quem
257 1837 291 1863 in
314 1834 384 1862 aliis
407 1833 529 1868 avibuS,
551 1843 629 1870 quas
654 1832 819 1867 dissecavi,
848 1843 915 1862 non
938 1835 1053 1872 reperi,
1079 1835 1203 1872 recipit.
1249 1830 1284 1860 A.
1310 1832 1499 1861 vertebralis
1527 1831 1567 1859 ad
1596 1834 1806 1860 interstitium
1835 1844 1945 1871 usque,

140 1880 221 1906 inter
245 1877 396 1905 atlantem
418 1880 450 1903 et
469 1879 565 1913 eaput
581 1875 734 1912 procedit,
754 1885 810 1914 per
829 1874 976 1903 foramen
992 1885 1142 1913 magnum
1165 1879 1288 1909 autem,
1312 1884 1394 1908 non,
1424 1875 1472 1902 uti
1502 1873 1704 1902 Tiedemann
1723 1873 1754 1910 9)
1783 1875 1947 1903 contendi—

143 1920 196 1953 dit,
220 1918 259 1946 ad
281 1919 489 1956 posteriorem
515 1916 637 1943 cerebri
659 1921 792 1954 partem,
816 1919 1003 1955 sanguinem
1021 1917 1118 1952 vehit,
1143 1915 1199 1944 sed
1222 1926 1294 1943 cum
1315 1925 1403 1944 ramo
1419 1914 1458 1944 A.
1481 1916 1660 1953 occipitalis
1680 1916 1822 1945 confluit.
1867 1917 1946 1946 Inde

142 1961 253 1995 elucet,
274 1959 310 1988 A.
332 1958 508 1993 basilarem,
533 1967 568 1985 ex
591 1955 629 1985 A.
654 1958 887 1987 vertebralibus
908 1958 1041 1987 formari
1063 1968 1129 1987 nou
1152 1968 1254 1997 posse.

732 2016 775 2045 II.
821 2015 864 2045 In
901 2013 1073 2046 Gallina
1108 2015 1352 2055 gallinacea.

289 2075 329 2102 In
350 2070 483 2104 Gallina
502 2073 688 2112 gallinacea,
707 2073 846 2103 Falcone
865 2074 973 2110 milvo,
990 2071 1098 2104 Corvo
1118 2076 1191 2113 pica
1213 2078 1286 2109 etc„
1307 2072 1456 2101 decursus
1478 2072 1517 2102 A.
1537 2064 1733 2102 vertebralis'
1746 2073 1858 2102 eodem
1878 2085 1945 2104 mo-

143 2117 181 2145 do
203 2126 235 2145 se
257 2116 360 2150 habet,
383 2126 482 2153 quem
502 2118 537 2143 in
556 2114 663 2144 Anate
687 2115 863 2152 observavi,
883 2119 979 2145 ramis
998 2116 1135 2145 laminas
1158 2125 1264 2150 osseas
1292 2115 1510 2144 vertebrarum
1531 2115 1608 2150 colli
1628 2115 1884 2154 performitibus,
1913 2122 1945 2146 et

142 2169 214 2186 cum
234 2156 273 2187 A.
299 2157 438 2186 carotide
460 2159 622 2186 communi
640 2159 912 2193 communicante,
933 2161 990 2197 qui
1007 2169 1074 2188 non
1093 2162 1274 2188 constanter
1293 2156 1387 2193 adest,
1411 2158 1556 2196 exceptis.

287 2255 316 2289 6)
345 2255 527 2280 Tiedemann
543 2255 564 2281 l.
584 2263 609 2279 c.
631 2254 653 2286 §-
670 2246 731 2282 ’494-

283 2289 313 2317 73
333 2288 514 2313 Tiedemnnn
530 2288 550 2314 l.
571 2298 596 2314 c.
615 2289 638 2320 ὃ.
658 2286 718 2317 494.

287 2322 316 2355 8)
337 2322 519 2347 Tiedemann
538 2322 558 2348 l.
579 2331 603 2347 c.
625 2323 650 2355 ἓ.
672 2320 733 2352 494,

292 2356 322 2387 9)
348 2356 367 2381 l.
389 2364 412 2382 c.
435 2359 460 2388 §.
480 2354 539 2385 494.
