2049 2830
859 219 1183 264 .-19„

286 321 321 360 2)
340 321 385 351 Os
406 320 464 351 ssei
488 321 642 357 ascendit,
672 321 712 352 ad
735 321 867 352 dorsum
889 322 993 361 vergit
1022 327 1119 360 atque
1146 322 1183 350 in
1205 321 1291 351 MM;
1324 321 1410 350 dorsi
1438 327 1470 351 et
1497 322 1639 361 glutaeos
1668 321 1869 362 dispergitur.
1915 323 1956 353 In

137 365 270 396 Gallina
295 375 419 395 ramum
444 366 546 394 mittit
572 367 707 404 insuper
735 367 876 400 tertium,
908 367 967 403 qui
995 365 1042 393 M.
1071 364 1278 393 adductorem
1307 375 1459 404 magnum
1486 364 1563 394 adit.
1621 365 1743 394 Cavum
1774 365 1956 396 abdominis

136 419 270 449 egressa,
291 407 329 438 A.
350 407 516 437 femoralis
537 405 649 435 Anatis
671 413 705 436 et
727 407 877 436 Gallinae
901 409 937 435 in
958 407 1068 446 plures
1087 406 1279 446 dispescitur
1300 417 1416 441 ramos,
1439 408 1521 436 MM.
1545 407 1675 436 femoris
1701 407 1864 438 adeuntes.
1908 409 1955 437 Ex

135 461 176 481 ea
196 451 349 480 Falconis
369 450 464 480 milvi
483 454 658 488 praeterea,
676 460 784 478 ramus
807 452 918 483 oritur,
942 451 1010 487 qui,
1037 449 1124 477 infra
1145 449 1229 478 MM.
1262 448 1448 478 adductores
1475 449 1605 478 femoris
1634 449 1818 484 decurrens,
1839 454 1874 480 in
1897 451 1955 480 hos

136 492 339 534 dispergitur.
382 491 540 521 Ramulus
563 491 661 531 hujus
681 493 774 526 rami,
793 491 880 521 infra
902 492 948 520 M.
969 492 1122 531 gracilem
1145 492 1326 526 decurrens,
1354 503 1458 531 usque
1484 492 1522 521 ad
1545 502 1630 531 genu
1650 493 1805 532 procedit.

976 576 1004 612 ς.
1050 571 1101 605 24.

739 640 784 676 A.
833 638 1237 674 ischiaclica
1280 638 1354 684 ²8).

842 712 870 741 I.
938 711 997 741 In
1046 710 1248 741 Anate.

284 770 382 806 Haec,
405 769 523 799 crurali
541 773 652 809 major,
675 772 761 800 inter
779 771 893 800 lobum
915 773 1001 800 renis
1025 771 1202 800 secundum
1227 776 1259 799 et
1279 772 1410 800 tertium
1439 770 1588 801 decurrit.
1639 772 1686 801 Ex
1704 772 1766 801 hac
1795 774 1895 802 oritur
1916 771 1956 801 A.

132 812 263 848 renalis,
285 823 370 851 quae
393 822 528 847 ramum,
552 815 588 842 in
608 813 721 842 lobum
747 815 834 842 renis
862 814 1041 843 secundum
1073 813 1309 850 ascendentem,
1343 815 1464 842 emittit
1491 819 1522 842 et
1546 820 1615 843 tum
1639 817 1675 843 in
1697 815 1808 844 lobum
1829 817 1958 844 tertium

134 861 168 886 et
189 860 341 895 quartum
365 854 543 883 descendit.

283 897 465 925 Incisuram
487 897 696 926 ischiadicam
718 908 854 937 egressa,
873 897 1034 926 ramulum
1057 899 1160 926 mittit
1184 897 1223 925 ad
1242 897 1327 925 MM.
1349 898 1481 926 flexores
1502 900 1619 935 cruris3
1643 898 1728 932 dein,
1749 899 1788 928 N.
1809 899 1961 928 ischiadi-

135 950 209 968 cum
232 941 464 973 concomitans,
492 941 577 968 inter
600 940 683 969 MM.
714 940 847 969 flexores
879 942 979 968 cruris
1006 950 1111 978 usque
1145 939 1185 967 ad
1213 939 1382 978 poplitem,
1412 941 1469 968 ubi
1496 940 1605 979 plures
1633 943 1715 969 rami
1742 942 1781 970 ab
1810 952 1847 971 ea
1868 941 1960 971 dece-

135 981 228 1016 dunt,
249 981 406 1021 procedit.
854 1000 855 1003 ,

285 1022 318 1060 1)
339 1022 375 1052 A.
402 1022 528 1051 suralis.
574 1024 615 1051 In
636 1023 716 1052 duos
739 1023 877 1052 discedit
888 1034 1012 1052 ramos:
1036 1029 1199 1052 externum
1219 1022 1274 1052 vel
1295 1033 1504 1062 peronaeum,
1523 1029 1554 1053 ct
1575 1026 1738 1054 internum
1760 1035 1818 1055 seu
1842 1031 1962 1064 gastro-

136 1066 312 1095 cnemium.
356 1065 482 1093 Primus
506 1065 546 1094 ad
564 1065 649 1094 latus
672 1065 812 1094 fibulare
834 1066 921 1095 MM.
952 1066 1152 1095 flexoriorum
1183 1065 1356 1104 digitorum
1385 1066 1475 1105 pedis
1509 1068 1742 1106 transgreditur
1779 1073 1811 1096 et
1841 1070 1876 1096 in
1907 1079 1960 1097 eos

134 1107 337 1146 dispergitur.
383 1106 495 1136 Plures
516 1110 598 1136 rami
617 1107 713 1147 hujus
738 1108 908 1137 articulum
933 1111 1099 1137 metatarsi
1130 1108 1260 1137 adeunt.
1307 1108 1393 1136 Tum
1421 1119 1529 1138 ramus
1558 1120 1736 1148 peronaeus
1767 1110 1856 1139 hunc
1885 1112 1959 1139 arti-

136 1149 246 1178 culum
272 1151 399 1184 transit,
432 1155 464 1178 et
491 1151 527 1178 in
557 1155 741 1186 metatarso,
771 1153 857 1180 inter
888 1151 1039 1180 tendines
1069 1151 1153 1179 MM.
1188 1150 1392 1180 flexoriorum
1422 1151 1526 1191 pedis,
1555 1151 1683 1181 desinit.
1729 1152 1905 1188 Secundus,
1926 1155 1962 1182 in

135 1191 223 1221 MM.
246 1193 497 1231 gasti-ocnemios
517 1192 717 1231 dispergitur.

286 1233 320 1270 2)
342 1234 464 1261 Ramus
493 1233 616 1263 divisus
639 1237 690 1262 in:
733 1235 764 1271 a)
787 1244 867 1263 ram.
898 1235 1102 1264 articularem
1124 1245 1209 1274 genu
1235 1236 1400 1263 internum
1430 1238 1649 1275 superiorem3
1689 1236 1726 1273 b)
1748 1247 1826 1266 ram.
1855 1237 1893 1266 ad
1914 1237 1960 1266 M.

134 1274 281 1305 tibialem
302 1278 473 1314 posticum,
497 1287 562 1313 quo
584 1277 701 1304 ramuli
726 1276 878 1305 nonnulli
898 1277 1085 1304 articulares
1108 1287 1192 1315 genu
1214 1279 1336 1305 interni
1360 1277 1541 1312 inferiores,
1563 1278 1734 1308 decedunt.

286 1316 320 1353 3)
343 1318 464 1346 Ramus
487 1318 694 1355 muscularis3
723 1319 763 1347 ad
794 1319 841 1348 M.
867 1319 1019 1347 ssexorem
1041 1318 1239 1357 profundum
1273 1319 1449 1359 digitorum
1476 1320 1583 1359 pedis;
1616 1321 1656 1350 ad
1685 1321 1771 1350 latus
1795 1323 1962 1351 internum

135 1358 235 1398 hujus
265 1360 407 1388 musculi
436 1359 477 1389 ad
501 1361 673 1389 articulum
699 1362 778 1389 tarsi
809 1360 958 1395 decurrit,
987 1362 1045 1389 ubi
1075 1371 1149 1389 cum
1174 1361 1300 1390 ramulo
1330 1364 1411 1390 rami
1439 1362 1588 1391 fibularis
1615 1361 1652 1393 A.
1681 1364 1805 1393 tibialis
1835 1367 1962 1394 anticae

136 1403 362 1431 communicat.

287 1440 322 1480 4)
347 1441 387 1472 A.
409 1443 533 1473 tibialis
557 1446 674 1474 antica.
718 1445 808 1473 Inter
836 1447 942 1484 capita
968 1445 1069 1474 tibiae
1099 1450 1131 1473 et
1167 1444 1291 1474 fibulae
1326 1447 1443 1474 transit
1473 1452 1505 1475 et
1530 1448 1668 1486 partitur
1687 1449 1738 1476 in:
1783 1449 1814 1485 a)
1837 1459 1964 1478 ramum

136 1485 284 1515 tibialem
309 1488 460 1521 anticum,
483 1488 541 1524 qui
560 1497 665 1515 ramos
690 1489 804 1516 mittit:
849 1489 899 1523 aa)
925 1488 1126 1516 articularem
1153 1487 1343 1516 inferiorem
1374 1488 1529 1525 medium,
1561 1495 1594 1518 et
1629 1490 1688 1526 bb)
1710 1501 1790 1520 ram.
1815 1491 1855 1520 ad
1877 1492 1960 1521 MM.

136 1538 346 1567 peronaeum,
369 1534 567 1558 extensorem
592 1529 763 1568 digitorum
782 1529 873 1568 pedis
896 1540 1110 1564 communem,
1133 1530 1268 1558 tendiue
1291 1533 1382 1568 cujus
1403 1531 1526 1560 finitur.
1572 1532 1608 1568 b)
1621 1532 1759 1561 Ramum
1779 1533 1963 1568 fibularem3

139 1572 198 1608 qui
220 1569 255 1599 A.
280 1571 483 1599 articularem
504 1582 589 1610 genu
612 1571 799 1600 inferiorem
823 1577 983 1600 externam
1007 1574 1117 1604 mittit,
1152 1577 1220 1600 tum
1255 1574 1340 1600 inter
1363 1573 1445 1601 MM.
1476 1575 1560 1612 parti
1584 1585 1754 1613 supremae
1774 1575 1897 1605 fibulae
1915 1578 1964 1606 in-

139 1617 240 1641 sertos
263 1611 441 1647 descendit,
462 1615 496 1641 in
518 1613 602 1642 latus
624 1615 726 1643 tibiae
751 1616 895 1642 anticum
918 1616 1054 1642 vertitur
1077 1620 1109 1643 et
1132 1615 1166 1642 in
1188 1614 1360 1642 articulum
1383 1617 1547 1644 metatarsi
1570 1615 1775 1657 dispergitur.

289 1655 420 1683 Deinde
441 1656 479 1684 A.
500 1656 654 1694 poplitea,
679 1657 770 1685 velut
789 1656 825 1684 A.
839 1656 962 1684 tibialis
982 1659 1116 1695 postica,
1138 1658 1358 1690 continuatur,
1378 1667 1483 1694 usque
1507 1657 1547 1686 ad
1568 1658 1713 1687 medium
1738 1670 1809 1688 crus
1832 1659 1964 1689 descen-

141 1695 198 1729 dit,
219 1701 288 1724 tum
313 1698 398 1725 inter
417 1698 530 1725 tibiam
550 1703 582 1726 et
608 1698 755 1732 fibulam,
784 1698 822 1726 ad
844 1698 1048 1736 superficiem
1068 1700 1261 1727 anteriorem
1282 1699 1394 1732 tibiae,
1417 1701 1543 1728 transit.
1589 1701 1628 1728 In
1650 1707 1740 1740 parte
1761 1701 1858 1740 hujus
1880 1702 1964 1731 infe-

139 1740 225 1767 riore
252 1739 394 1768 ramulos
423 1740 598 1768 nonnullos
623 1742 723 1769 mittit
748 1739 787 1768 ad
816 1740 962 1769 tendines
986 1741 1069 1770 MM.
1094 1741 1296 1769 flexoriorum
1320 1741 1491 1779 digitorum
1514 1742 1621 1781 pedis;
1646 1743 1808 1784 deinceps,
1831 1744 1963 1774 tendine

139 1780 187 1810 M.
213 1780 336 1809 tibialis
357 1783 455 1809 antici
479 1787 510 1809 et
533 1782 707 1821 ligamanto
729 1783 970 1811 tarseo-tibiali
991 1788 1088 1815 tecta,
1120 1783 1158 1811 ad
1181 1793 1215 1811 os
1237 1785 1313 1811 tarsi
1334 1784 1490 1822 procedit.

172 1833 175 1834 ⁷
291 1823 390 1862 Prope
414 1824 584 1852 articulum
604 1835 713 1854 ramus
735 1836 820 1854 unus
844 1836 878 1853 os
898 1827 976 1853 tarsi
997 1825 1137 1865 perforat
1158 1830 1191 1853 et
1215 1825 1377 1853 ramulum
1401 1828 1522 1855 emittit
1543 1832 1761 1856 recurrentem
1784 1833 1964 1867 externum3

142 1863 222 1892 alter
245 1863 284 1892 ad
306 1865 475 1894 articulum
498 1868 644 1896 recurrit.
688 1868 842 1906 Denique
865 1877 968 1905 usque
992 1867 1030 1897 ad
1053 1867 1228 1906 condylum
1252 1867 1439 1896 inferiorem
1469 1870 1552 1898 ossis
1588 1872 1665 1898 tarsi
1693 1870 1839 1909 procedit
1870 1877 1901 1900 et
1929 1874 1964 1900 in

139 1910 204 1935 tres
225 1909 362 1945 partitur
383 1918 498 1937 ramos.

294 1950 325 1987 a)
350 1948 473 1978 Primus
496 1955 619 1989 partem
642 1950 830 1980 inferiorem
857 1951 1029 1980 tendinum
1057 1952 1139 1979 MM.
1168 1952 1372 1981 flexoriorum
1401 1952 1572 1992 digitorum
1598 1953 1689 1993 pedis
1722 1954 1799 1984 adit.
1844 1956 1880 1992 b)
1904 1955 1964 1985 Ex-

141 1994 262 2025 ternuS,
286 1994 399 2030 major,
424 1993 460 2019 in
483 1991 561 2021 duos
586 1993 737 2026 ramulos,
760 1993 798 2022 ad
822 1993 955 2032 digitum
979 1996 1117 2032 primun]
1143 1999 1175 2022 et
1195 1995 1382 2030 secundum,
1412 1995 1536 2024 divisus
1567 2001 1622 2024 est.
1667 1996 1696 2032 c)
1716 1996 1808 2026 Inter
1827 1997 1964 2037 phalan-

141 2041 214 2071 gem
234 2035 372 2072 primam
397 2033 488 2073 digiti
510 2035 645 2064 secundi
664 2041 696 2065 et
716 2038 803 2064 tertii
826 2036 866 2064 ad
888 2036 1017 2065 dorsum
1038 2036 1129 2076 pedis
1150 2039 1267 2065 transit
1296 2042 1330 2066 et
1349 2037 1485 2076 digitum
1508 2040 1638 2067 tertium
1660 2038 1737 2068 adit.

608 2098 652 2128 ΙΙ.
718 2098 775 2127 In
818 2099 1075 2129 Gallina
1118 2100 1496 2140 gallinacea.

295 2154 342 2183 Ex
371 2153 409 2184 A.
439 2155 615 2185 ischiadica
645 2159 815 2196 utriusque
842 2158 953 2186 lateris
976 2157 1011 2188 A.
1034 2159 1166 2194 renalis,
1194 2162 1285 2199 cujus
1317 2159 1438 2189 surculi
1466 2161 1502 2188 in
1531 2159 1644 2189 lobum
1664 2162 1753 2190 renis
1774 2161 1962 2192 inferiorem

145 2194 379 2236 disperguntur,
403 2200 519 2235 oritur;
542 2209 559 2228 e
582 2201 710 2228 sinistra
735 2203 868 2239 insuper
891 2211 1009 2235 ramuS,
1031 2201 1070 2229 ad
1091 2207 1215 2240 partem
1237 2202 1376 2231 mediam
1398 2202 1543 2232 oviducti
1565 2201 1613 2240 (A.
1639 2203 1784 2233 oviducti
1806 2204 1963 2241 secunda)

145 2240 205 2276 qui
221 2248 346 2267 ramum
370 2242 471 2269 mittit
491 2241 530 2269 ad
552 2241 665 2270 lobum
684 2244 768 2271 renis
797 2242 951 2272 medium.
1003 2244 1166 2273 Decursus
1190 2243 1226 2273 A.
1259 2245 1453 2273 ischiadicae
1481 2250 1513 2274 et
1543 2255 1621 2276 ram.
1646 2244 1674 2275 1.
1697 2245 1727 2274 2.
1751 2242 1781 2276 4.
1806 2246 1842 2276 Α.
1861 2247 1964 2286 popli-

144 2284 217 2309 teae
238 2283 322 2310 sicut
349 2284 385 2310 in
407 2281 510 2312 Anate
532 2294 566 2312 se
586 2283 720 2314 habent.
764 2282 801 2314 A.
825 2285 948 2314 tibialis
972 2288 1096 2326 postica
1126 2287 1273 2326 procedit
1299 2287 1495 2328 paullulum,
1524 2292 1593 2316 tum
1620 2298 1747 2317 ramum
1776 2291 1877 2318 mittit
1906 2291 1963 2328 qui

144 2350 629 2364 -ξψ

297 2393 344 2428 28)
362 2394 556 2429 Tiedemann,
574 2397 594 2422 1.
617 2406 642 2423 c.
661 2398 684 2431 ἓ.
704 2397 765 2426 506.
787 2402 815 2424 et
832 2400 894 2427 508.
1050 2399 1169 2433 Cuvier,
1184 2401 1204 2427 1.
1227 2410 1251 2427 c.
1272 2410 1301 2436 p-
1326 2402 1386 2430 270.
1407 2402 1469 2429 271.
1536 2437 1560 2466 C
1583 2436 1603 2465 2
