2049 2830
824 197 875 204 —.
939 174 989 217 13
1049 197 1103 204 --

199 290 258 327 bb)
279 287 454 323 Secundus,
474 287 619 324 inferior,
643 289 680 317 in
699 292 764 318 tres
784 287 907 318 divisus
927 293 975 318 est
995 288 1151 318 surculos.

199 333 232 370 a)
253 331 470 365 Anteriorem,
494 333 552 370 qui
573 333 660 360 inter
682 341 717 360 os
738 332 980 360 communicans
1007 337 1040 360 et
1059 331 1205 371 palatum
1225 330 1326 361 molle
1349 330 1547 361 dextrorsum
1570 332 1797 372 proficiscitur.

196 374 233 411 b)
257 374 416 409 Medium,
449 384 523 403 cum
547 373 674 403 ramulo
699 371 738 402 A.
769 372 920 402 carotidis
949 373 1077 402 facialis
1105 375 1146 412 (§.
1170 373 1201 404 8.
1225 385 1269 405 m.
1291 375 1353 412 ce.)
1384 380 1417 405 et
1439 373 1476 405 A.
1504 374 1692 416 pharyngea
1711 375 1752 415 (ἢ.
1774 374 1803 405 8.
1827 377 1874 413 n.)

47 418 356 449 communicantem.

198 457 476 496 c)⁸Posterio'rem,
498 458 557 496 qui
575 462 734 487 retorsum
754 457 939 498 paullulum
960 457 1111 487 decurrit.

523 519 565 551 II.
631 521 691 549 In
734 520 982 550 Gallina
1023 520 1390 560 gallinacea.

184 582 360 610 ·=Decursus
382 578 419 609 A.
444 579 683 620 ophthalmicae
706 585 857 609 externae
888 585 921 609 et
951 581 1087 609 arteriae
1117 581 1266 609 carotidis
1299 581 1472 611 cerebralis
1501 582 1615 612 eodem
1638 581 1745 616 modo,
1774 591 1810 610 ac
1838 582 1876 609 in

43 623 148 654 Anate
166 634 201 653 se
223 623 328 652 habet.
367 622 502 651 Ramuli
523 624 639 662 prioris
661 624 709 651 uti
730 624 766 651 in
788 621 893 652 Anate
914 633 949 651 se
970 623 1107 657 habent,
1127 623 1252 652 accedit
1270 629 1378 652 autem
1397 635 1505 654 ramus
1529 622 1590 663 (7),
1617 636 1690 654 cum
1713 634 1802 654 ramo
1822 633 1875 652 su-

41 669 170 708 periore
195 666 235 695 ab
262 664 299 697 A.
330 665 472 694 carotide
495 665 662 699 cerebraH,
692 670 867 703 autequam
890 667 1037 693 cranium
1060 665 1247 704 ingreditur,
1271 668 1400 703 emisso,
1425 669 1681 697 communicans.

192 707 229 737 A.
252 710 368 736 carotis
393 707 566 736 cerebralis
591 712 667 736 ante
689 709 868 746 ingressum
889 712 954 736 tres
974 718 1080 736 ramos
1101 710 1212 737 mittit.

196 749 227 787 1)
252 750 365 779 Brevis
388 755 515 778 tantum
538 755 594 785 est,
619 755 652 778 et
673 749 712 778 ad
732 749 862 789 plexum
883 749 1082 778 maxillarem
1111 750 1365 779 construendum
1395 751 1532 781 confert.

193 792 229 829 2)
252 792 414 832 Superior,
437 793 496 830 qui
517 802 644 820 ramum
675 793 969 820 communicantem
999 790 1027 819 A
1053 792 1294 831 ophthalmicae
1323 798 1474 823 externae
1502 792 1550 832 (7)
1574 795 1700 834 recipit,
1731 798 1801 822 tum
1823 803 1875 822 su-

41 845 100 876 pra
120 834 172 864 M.
192 834 436 874 pterygoideum
458 839 632 869 externum⁷
656 844 804 874 prorsum
829 840 1069 872 extrorsumque
1091 835 1277 874 paullulum
1303 835 1460 874 procedit,
1486 838 1522 864 in
1544 835 1624 865 duos
1649 835 1804 865 dividitur
1825 845 1875 863 ra-

40 877 157 913 mulos,
187 886 326 914 quorum
355 881 504 904 externus
526 887 598 904 curu
628 875 663 903 A.
684 876 832 915 palatina
861 877 1015 912 confluit;
1045 878 1205 912 internus,
1232 887 1332 917 prope
1359 887 1547 917 processum
1577 878 1765 908 inferiorem
1793 879 1874 907 ossis

39 918 226 958 lacrymalis
249 919 286 946 in
309 918 389 947 duos
413 918 559 947 surculos
583 917 715 953 divisus,
740 929 855 946 nasum
879 918 1070 957 ingreditur.

190 959 225 996 3)
249 960 401 989 Surculos
424 962 544 999 spargit
567 962 652 999 parti
675 971 845 1000 supremae
868 960 1055 1000 pharyngis,
1077 965 1109 989 et
1129 960 1169 989 ad
1189 970 1223 989 os
1241 961 1425 1000 palatinum
1448 962 1600 994 decurrit.

191 1002 306 1031 Plexus
336 1003 512 1031 maxillaris
542 1005 741 1031 construitur
767 1013 785 1031 e
811 1013 900 1031 remo
927 1003 965 1032 A.
995 1002 1170 1032 maxillaris
1201 1005 1352 1034 internae
1382 1003 1421 1042 (ᾗ.
1444 1004 1474 1035 8.
1498 1006 1541 1042 c.)
1568 1003 1609 1036 A.
1638 1004 1804 1045 palatinae
1831 1003 1871 1042 (ᾗ.

39 1044 70 1079 8.
91 1044 133 1085 f.)
155 1049 187 1075 et
207 1043 244 1074 A.
265 1044 417 1073 carotidis
444 1044 616 1073 cerebralis
637 1045 677 1082 (§.
698 1042 728 1074 9.
756 1042 801 1081 1.)

583 1119 645 1148 111.
711 1117 771 1148 In
817 1120 1085 1150 Falcone
1132 1121 1328 1152 milvo.

192 1178 232 1209 A.
259 1178 482 1219 ophthalmica
503 1184 633 1207 externa
654 1177 769 1206 eodem
793 1178 888 1207 modo
912 1189 949 1207 ac
971 1181 1007 1206 in
1029 1178 1134 1207 Anate
1158 1179 1307 1214 discedit,
1331 1182 1384 1209 in:

193 1221 226 1258 1)
245 1220 283 1249 A.
302 1221 498 1249 articulares.
586 1220 621 1257 2>
640 1219 817 1248 Barnulum
841 1220 880 1248 ad
901 1220 1092 1260 palpebram
1114 1221 1314 1250 inferiorem.

190 1262 225 1300 3)
248 1262 284 1292 Α.
310 1263 529 1300 lacrymalem.
628 1259 662 1297 4)
686 1260 727 1291 Α.
752 1261 981 1297 ethmoideam,
1005 1273 1090 1299 quae
1113 1273 1240 1291 ramum
1261 1263 1397 1293 dimittit
1413 1264 1609 1303 frontalem3
1631 1265 1754 1295 surculi
1776 1265 1872 1305 hujus

40 1308 74 1337 in
101 1305 218 1345 angulo
239 1305 327 1333 oculi
347 1307 455 1333 antico
480 1304 701 1332 membranam
730 1306 947 1341 nyctitantem
975 1309 1036 1334 etc.
1070 1309 1195 1343 petunt.

192 1346 376 1384 Antequam
399 1345 436 1375 A.
462 1348 578 1375 caretis
603 1345 775 1374 cerebralis
798 1347 945 1373 cranium
966 1346 1157 1384 ingreditur,
1180 1356 1286 1376 ramos
1313 1349 1433 1377 emittit
1455 1353 1530 1377 tres.

194 1390 226 1426 a)
248 1389 380 1422 flamus,
398 1399 495 1428 supra
514 1389 560 1417 M.
584 1387 828 1427 pterygoideum
852 1398 1000 1426 prorsum
1025 1387 1210 1422 decurrens,
1238 1400 1311 1417 cum
1335 1401 1423 1419 ramo
1446 1391 1589 1420 secundo
1611 1392 1764 1429 confluit;
1791 1397 1873 1422 exte-

41 1438 159 1462 nuatus
184 1433 402 1465 continuatur,
424 1441 510 1470 pone
530 1431 702 1468 vestigium
725 1429 867 1458 laminae
890 1440 1090 1469 papyraceae
1112 1432 1193 1459 ossis
1215 1431 1403 1469 ethmoidei,
1426 1444 1500 1462 cum
1523 1434 1652 1463 surculo
1674 1437 1758 1464 rami
1781 1446 1873 1464 nasa-

39 1476 82 1505 lis
103 1473 139 1506 A,
159 1473 324 1514 palatinae
345 1473 386 1510 (§.
411 1472 441 1502 8.
465 1472 511 1509 3.)
539 1474 756 1510 conjungitur.

191 1516 227 1553 b)
248 1515 434 1543 Extrorsum
456 1516 557 1554 magis
581 1514 719 1542 decurrit
739 1524 838 1551 quam
859 1515 994 1552 primm,
1018 1514 1164 1544 surculos
1187 1516 1364 1545 nonnullos
1387 1519 1510 1558 spargit
1531 1517 1577 1548 M.
1594 1519 1814 1558 ptelygoideo,
1835 1531 1872 1549 ac

41 1558 184 1597 denique
205 1556 245 1587 A.
266 1557 431 1596 palatinae
446 1557 657 1585 inosculatur.
702 1556 796 1584 Ram.
821 1555 849 1584 1.
865 1561 896 1584 et
909 1556 951 1590 2.,
977 1567 1065 1585 ramo
1089 1557 1150 1585 2110
1171 1558 1312 1596 gallinae
1334 1559 1533 1597 gallinaceae
1555 1562 1764 1599 comparandi
1787 1568 1870 1591 sunt.

67 1604 72 1632 ζ
190 1600 220 1636 c)
245 1599 396 1633 Inferior,
417 1599 564 1627 surculos
586 1598 722 1638 praebet
743 1598 853 1637 plexui
875 1599 1047 1633 maxillari,
1074 1601 1159 1639 parti
1187 1610 1357 1640 supremae
1388 1601 1563 1641 pharyngis
1597 1607 1629 1631 et
1657 1603 1800 1643 denique
1831 1605 1871 1635 ad

40 1652 74 1667 οε
94 1642 276 1678 palatinum
304 1641 455 1668 decurrit.
1636 1661 1637 1666 ,

190 1682 304 1709 Plexus
327 1682 503 1709 maxillaris
525 1683 723 1710 construitur
744 1691 762 1709 e
791 1691 880 1710 ramo
895 1681 931 1711 A.
953 1682 1159 1722 pharyngeae
1182 1683 1223 1721 (ᾧ.
1246 1683 1274 1713 8.
1287 1686 1332 1723 a.)
1354 1686 1529 1720 maxillaris
1551 1687 1698 1718 internae
1718 1689 1759 1725 (ς.
1779 1688 1809 1719 8.
1826 1691 1868 1726 c.)

39 1727 72 1752 et
94 1732 183 1752 ramo
206 1721 243 1751 A.
270 1723 411 1753 carotide
443 1724 600 1753 cerebrali
621 1726 660 1762 (5.
682 1722 712 1754 9.
734 1721 782 1756 3.)
806 1729 882 1752 ante
903 1726 1083 1763 ingressum
1109 1727 1237 1755 emisso.

655 1793 710 1822 IV.
777 1793 838 1821 In
880 1804 1058 1824 corvo
1102 1797 1247 1835 pica.

186 1852 350 1880 Decursus
376 1857 408 1881 et
429 1852 613 1882 distributio
638 1851 678 1882 A.
703 1852 854 1882 carotidis
878 1854 1063 1889 cerebralis,
1085 1855 1195 1893 quoad
1209 1854 1326 1885 'videre
1349 1855 1431 1885 mihi
1451 1857 1556 1893 licuit,
1578 1860 1715 1889 maxime
1739 1861 1779 1889 iis
1794 1860 1866 1890 Fal-

37 1895 128 1924 conis
150 1894 243 1923 milvi
267 1894 482 1926 aemulantur.

886 1981 911 2020 §-
957 1981 1006 2014 10.

358 2041 511 2071 Decursus
531 2051 561 2071 ct
584 2041 757 2073 distributio
787 2045 826 2074 A.
851 2044 997 2075 carotidis
1019 2045 1177 2076 cerebralis
1197 2047 1280 2076 intra
1302 2058 1410 2077 cavum
1431 2049 1538 2077 cranii.

184 2099 223 2129 A.
250 2103 365 2130 caretis
387 2101 557 2130 cerebralis
579 2113 613 2131 os
635 2102 875 2142 sphenoideum
904 2111 980 2134 ante
1006 2116 1174 2145 processus
1203 2106 1381 2136 clinoideos
1405 2109 1547 2148 posticos
1570 2107 1721 2148 perforat.
1762 2108 1862 2140 Initio

36 2141 150 2171 ambae
172 2145 366 2182 conjunctae
388 2149 474 2180 sunt,
506 2155 579 2173 mox
602 2151 709 2175 autem
730 2147 921 2181 divaricant,
948 2153 981 2177 et
1006 2148 1064 2177 hos
1087 2159 1192 2177 ramos
1217 2152 1381 2179 emittunt.

751 2209 776 2239 I.
844 2211 906 2239 In
948 2210 1143 2242 Anate.

136 2259 138 2266 '
183 2263 215 2302 1)
234 2264 375 2293 Ramum
397 2265 623 2296 ehoroideum.=
661 2267 690 2295 E
712 2270 836 2307 pariete
860 2275 989 2299 externa
1009 2269 1038 2298 A
1060 2271 1211 2300 carotidis
1242 2272 1413 2301 cerebralis
1437 2274 1549 2307 oritur,
1579 2273 1763 2312 paullulum
1787 2286 1858 2316 pro·
1901 2305 1907 2306 ἶ

32 2311 152 2342 vectus,
174 2309 259 2336 inter
280 2307 399 2336 faciem
419 2308 607 2338 inferiorem
628 2311 752 2339 cerebri
774 2316 805 2340 et
826 2315 1024 2351 superiorem
1053 2313 1189 2342 thalami
1212 2315 1250 2343 N.
1281 2316 1381 2354 optici
1403 2317 1528 2349 transit,
1555 2321 1640 2345 retro
1662 2317 1803 2347 flectitur
1826 2325 1859 2348 et

31 2351 68 2378 in
91 2349 172 2379 duos
195 2349 332 2379 discedit
352 2361 469 2379 ramos·
513 2350 604 2380 Alter
626 2352 666 2381 ad
687 2353 892 2392 superficiem
923 2357 1117 2384 anteriorem
1146 2357 1317 2393 cerebelli3
1348 2357 1429 2386 alter
1459 2357 1498 2386 ad
1522 2358 1728 2398 superficiem
1750 2367 1857 2400 poste—
