2049 2830
879 199 1160 230 —11—

1037 267 1042 269 Δ
1547 264 1551 279 ι

570 318 614 348 11.
680 318 738 346 In
781 317 1039 348 Gallina
1088 318 1464 358 gallinacea.

257 379 289 415 a)
311 378 432 407 Ramus
455 378 579 419 primus
601 374 637 406 A.
662 376 813 406 carotidis
836 377 973 415 facialis,
1005 377 1267 419 aequiparandus
1295 377 1365 407 fere
1389 383 1438 407 est
1468 377 1506 407 A.
1540 375 1750 416 thyreoideae
1773 379 1932 418 superiori

106 427 140 455 et
159 421 308 463 linguali.

251 463 298 493 In
320 469 385 492 tres
409 461 546 492 discedit
567 460 718 497 ramulos,
747 463 796 489 in:

256 505 289 543 1)
312 505 349 535 A.
374 504 586 534 auricularem
609 505 832 543 posteriorem,
864 515 949 542 quae
968 510 1075 544 partes
1098 515 1184 545 pone
1209 505 1386 533 auriculam
1407 506 1528 544 positas
1551 506 1643 544 petit.
1671 503 1724 541 ²³)

255 548 290 587 2)
314 547 350 578 A.
373 547 563 587 lingualem‚
585 557 671 585 quae
693 557 817 575 sursum
840 557 1054 586 prorsumque
1076 547 1303 587 proficiscitur,-
1332 547 1476 577 surculos
1496 547 1618 587 plu1·e.·;‚
1644 549 1680 576 in
1701 547 1848 588 linguam
1871 546 1934 576 dis-

105 601 227 633 persos,
247 591 374 630 spargit,
397 595 438 625 et,
463 592 566 618 instar
586 588 622 618 A.
645 589 870 628 sublingualis,
896 600 1001 628 usque
1033 589 1070 618 ad
1094 589 1246 629 gonidem
1266 589 1422 629 procedit.

256 632 290 670 3)
312 633 464 661 Divisum
487 634 540 660 in:
569 641 599 660 α.
620 630 657 660 A.
684 631 919 670 oesophageam
943 632 1205 665 descendentem,
1231 642 1325 670 quae,
1351 633 1452 661 latere
1473 633 1616 666 sinistro,
1646 641 1719 660 cum
1740 630 1777 660 A.
1803 640 1935 660 corona—

106 678 154 705 ria
177 674 338 714 ingluviei
355 676 532 713 posteriore
553 673 593 711 (§.
614 669 642 702 4.
664 674 709 710 b.)
732 674 878 702 confluit.
909 673 936 712 β.
959 673 995 704 A.
1020 675 1208 714 laryngeam
1235 676 1444 713 superiorem,
1474 685 1558 713 quae
1588 674 1732 702 surculos
1756 673 1934 702 nonnullos

105 718 241 759 praebet
263 717 424 756 pharyngi
448 722 480 745 et
500 718 617 756 parieti
644 718 815 755 posteriori
839 716 990 745 tracheae
1013 723 1044 745 et
1068 723 1137 745 tum
1162 717 1201 745 ad
1224 717 1309 744 latus
1336 717 1478 756 laryngis
1501 718 1675 756 superioris
1701 716 1849 745 decurrit.

257 760 294 796 b)
313 758 348 787 A.
369 759 560 798 occipitalis.
604 758 792 787 Retrorsum
820 758 971 792 decurrit,
1000 761 1035 787 in
1063 758 1172 797 plures
1201 759 1392 798 dispescitur
1419 769 1535 795 ramos,
1565 769 1703 798 quorum
1730 761 1832 797 major
1861 768 1935 786 cum

105 802 141 831 A.
166 801 342 832 vertebrali
364 803 592 837 committitur-3
616 802 757 830 minores
786 801 835 837 ¹4)
864 803 900 829 in
920 801 1004 830 MM.
1027 802 1104 830 colli
1133 802 1268 841 dispersi
1298 806 1508 832 evanescunt.
1551 800 1587 830 A.
1612 801 1780 831 cervicalis
1803 800 1936 829 descen-

106 844 187 874 dens
211 855 247 873 ex
267 843 328 872 hac
354 848 460 872 ortum
480 843 579 872 ducit.

258 886 288 922 c)
311 884 347 914 A.
379 885 554 914 maxillaris
584 886 725 914 interna.
770 885 859 914 Pone
883 896 917 914 os
945 885 1136 924 quadratum
1161 888 1196 914 in
1224 885 1343 915 faciem
1367 885 1529 920 ascendit;
1560 886 1596 914 in
1624 895 1734 914 aurem
1763 889 1934 920 externam,

106 929 152 958 M.
177 928 226 958 M.
250 934 436 957 masseteres
460 933 493 956 et
512 927 684 967 palpebras
716 927 914 967 dispergitur.
967 928 1125 956 Ramulus
1154 931 1224 966 ejus
1249 928 1288 956 ad
1316 929 1446 967 plexum
1475 928 1673 956 maxillarem
1706 927 1933 967 proficiscitur.

107 972 192 1000 Tum
215 973 251 999 in
273 971 373 999 latere
400 973 527 999 interno
550 970 770 1004 mandibulae,
795 975 868 998 ante
887 980 920 999 os
943 970 1137 1008 quadratum
1168 970 1284 999 inflexa
1313 970 1464 1005 ascendit,
1490 981 1575 1010 pone
1599 980 1633 998 os
1656 970 1761 1009 iugale
1785 969 1931 1004 decurrit

106 1013 248 1042 ramulos
278 1012 454 1041 nonnullos
487 1014 590 1041 mittit
619 1011 658 1040 ad
688 1012 924 1046 mandibulam,
954 1015 1013 1049 qni
1042 1011 1082 1040 A.
1115 1012 1387 1046 mandibularem,
1417 1023 1489 1041 cum
1523 1012 1561 1040 N.
1593 1012 1753 1041 maxillari
1783 1011 1937 1040 inferiore

108 1056 255 1085 canalem
278 1054 489 1083 mandibulae
509 1053 754 1092 ingredientem,
778 1053 914 1082 faciunt.
961 1055 1054 1082 Circa
1079 1055 1230 1093 angulum
1257 1055 1344 1083 oculi
1371 1057 1516 1083 anticum
1547 1065 1675 1083 sursum
1696 1055 1844 1087 vertitur,
1866 1063 1938 1092 par-

106 1099 194 1127 tibus
219 1097 273 1126 hic
292 1098 406 1136 positis
430 1096 575 1124 surculos
596 1098 732 1135 spargit;
754 1097 789 1123 in
812 1095 921 1124 fronte
941 1102 1025 1125 retro
1048 1097 1198 1132 flectitur,
1224 1108 1260 1125 ac
1286 1096 1430 1134 denique
1452 1098 1488 1125 in
1511 1098 1638 1125 cristam
1652 1102 1710 1125 etc.
1734 1096 1925 1135 dispergitur

260 1139 294 1176 d)
315 1138 354 1168 A.
373 1138 573 1177 temporalis.
618 1138 708 1167 Pone
731 1148 764 1166 os
779 1138 973 1176 quadratum
989 1138 1171 1172 decurrens,
1195 1145 1340 1178 tempora
1363 1141 1443 1178 petit
1466 1144 1498 1167 et
1517 1149 1623 1168 ramos
1644 1141 1773 1178 occiput
1797 1143 1828 1166 et
1850 1137 1937 1166 fron·

107 1187 173 1211 tem
200 1192 322 1215 versus,
358 1181 416 1209 ubi
445 1180 568 1208 surculi
601 1182 669 1217 ejus
700 1180 855 1208 nonnulli
885 1182 920 1208 in
952 1182 1140 1220 palpebram
1170 1184 1371 1220 superiorem
1400 1181 1527 1216 abeunt,
1555 1180 1721 1220 dispergit.
1767 1180 1938 1208 Surculum

109 1234 242 1262 quoque
263 1225 374 1256 mittit,
397 1233 469 1250 cum
489 1221 615 1250 ramulo
638 1220 677 1250 A.
703 1221 943 1260 ophthalmicae
969 1229 1127 1259 externae,
1156 1229 1189 1252 et
1212 1223 1287 1257 alio,
1315 1233 1414 1262 quem
1437 1222 1473 1251 A.
1504 1225 1620 1252 carotis
1642 1222 1825 1256 cerebralis,
1849 1227 1938 1251 ante—

111 1276 208 1304 quam
230 1267 376 1294 cranium
400 1264 588 1302 ingreditur,
612 1266 730 1296 emisit,
764 1267 1072 1293 communicantem.

262 1308 294 1344 e)
318 1307 439 1334 Ramus
471 1306 593 1334 divisus
619 1307 669 1333 in:
722 1304 754 1341 1)
778 1304 814 1334 Α.
846 1305 1078 1345 pharyngeam,
1112 1312 1237 1346 partem
1264 1317 1448 1346 supremam
1479 1307 1654 1346 pharyng1s
1685 1305 1935 1346 adgredientem.

110 1347 199 1379 Haec
219 1350 318 1379 etiam
345 1348 383 1376 ad
405 1348 533 1388 plexum
555 1347 753 1376 maxillarem
774 1349 1038 1382 construendum,
1068 1360 1129 1388 ope
1153 1349 1387 1378 nonnullorum
1405 1359 1580 1383 ramorum,
1604 1349 1737 1378 confert.

261 1391 295 1427 2)
316 1391 356 1418 In
377 1389 414 1419 A.
435 1390 686 1423 submentaletn,
706 1400 791 1428 quae
814 1393 986 1430 praecipue
1008 1392 1142 1420 lacinias
1166 1397 1319 1420 cutaneas
1345 1401 1363 1419 a
1383 1392 1574 1420 mandibula
1593 1391 1779 1431 pendentes,
1804 1391 1880 1420 adit.

262 1433 291 1469 f)
312 1432 351 1461 A.
376 1433 532 1472 palatina.
579 1433 666 1460 Haec
691 1434 739 1460 uti
761 1434 796 1460 in
822 1438 915 1462 anate
939 1433 1096 1470 decurrit3
1129 1434 1242 1462 ambae
1273 1444 1349 1463 vero
1371 1439 1446 1463 ante
1480 1433 1619 1462 choanas
1643 1440 1806 1474 separatae
1829 1433 1939 1463 decur-

112 1481 197 1510 runt,
221 1481 252 1506 et
274 1481 411 1514 utraque
434 1485 559 1503 ramum
587 1474 730 1503 nasalem
749 1476 861 1503 mittit.

651 1544 713 1572 ΙΙΙ.
786 1544 845 1572 In
893 1544 1150 1575 Falcone
1197 1546 1393 1575 milvo.

261 1603 308 1632 Ex
332 1601 368 1634 A.
389 1603 531 1632 carotide
553 1602 666 1631 faciali
688 1605 850 1632 oriuntur:

262 1647 293 1682 a)
316 1647 352 1675 A.
376 1646 568 1685 pharyngea,
594 1655 679 1682 quae
703 1651 739 1673 ut
761 1646 875 1675 eadem
896 1646 1046 1675 Gallinae
1076 1646 1288 1675 distribuitur.

243 1688 298 1723 .b)
322 1686 358 1716 A.
380 1687 654 1716 infr-amaxillaris.
723 1687 832 1726 Aeque
857 1698 892 1716 ac
915 1690 951 1716 in
972 1689 1103 1717 Gallina
1132 1689 1311 1727 gallinacea
1330 1688 1399 1717 fere
1429 1688 1571 1717 decurrit
1600 1693 1633 1718 et
1656 1688 1876 1725 distribuitur3
1900 1698 1938 1718 eo

112 1735 238 1759 tantum
261 1729 379 1766 differt,
402 1730 490 1768 quod
511 1728 551 1759 A.
576 1729 764 1758 auricularis
788 1732 946 1769 posterior
977 1742 1012 1759 ex
1035 1741 1072 1759 ea
1098 1741 1165 1760 non
1188 1733 1320 1765 oriatur,
1348 1730 1388 1759 A.
1418 1731 1633 1760 submentalis
1662 1741 1737 1761 vero
1767 1732 1806 1760 ab
1832 1741 1869 1760 ea
1890 1741 1940 1761 or-

111 1778 181 1802 tum
209 1772 313 1801 ducat.

264 1815 294 1850 c)
319 1814 452 1848 Rarum,
470 1823 559 1842 ramo
582 1813 614 1843 k.
637 1815 740 1842 anatis
763 1814 1033 1854 aequiparandus,
1057 1817 1115 1854 qui
1135 1817 1170 1844 in
1192 1815 1335 1845 Falcone
1357 1820 1475 1851 autem,
1500 1814 1539 1844 ad
1562 1816 1717 1855 angulum
1738 1816 1826 1845 oculi
1857 1818 1940 1845 anti-

114 1867 187 1886 cum
210 1866 315 1895 usque
338 1867 403 1885 non
425 1855 577 1895 procedit,
601 1855 657 1884 sed
677 1858 712 1884 in
735 1857 841 1885 medio
867 1857 1076 1887 mandibulae
1103 1860 1278 1887 evanescit.

266 1899 299 1934 d)
323 1897 354 1926 A.
375 1899 527 1937 palatina.
573 1898 724 1927 Surcnlos
745 1900 920 1928 nonnullos
945 1902 1045 1928 mittit
1078 1900 1117 1929 ad
1139 1906 1263 1939 partem
1287 1910 1471 1939 supremam
1494 1899 1690 1940 pharyngis3
1716 1911 1802 1940 pone
1825 1899 1939 1930 dentes

115 1942 305 1980 asperrimos
335 1940 402 1977 (Ol.
432 1940 603 1977 Borrichii)
635 1941 746 1979 palati,
772 1952 896 1970 ramum
918 1941 955 1970 A.
982 1943 1131 1972 carotidis
1165 1943 1336 1972 cerebralis
1364 1943 1402 1980 (§.
1425 1940 1454 1971 9.
1478 1942 1518 1979 c.)
1530 1945 1661 1982 recipit.
1713 1942 1807 1982 Apud
1828 1942 1938 1973 dentes

117 1985 307 2023 asperrimos
330 1985 505 2011 anteriores
529 1983 642 2022 palati,
666 1985 701 2011 in
723 1989 787 2012 tres
812 1994 917 2013 ramos
941 1984 1086 2013 discedit.

267 2024 299 2062 1)
323 2024 510 2058 Externum,
532 2027 590 2063 qui
612 2035 699 2064 pone
722 2036 756 2054 os
776 2027 883 2065 jugale
913 2027 1067 2060 ascendit,
1101 2026 1140 2055 ad
1170 2027 1322 2066 angulum
1352 2027 1439 2056 oculi
1468 2028 1621 2061 anticum,
1648 2026 1790 2056 frontem
1813 2032 1846 2057 et
1869 2026 1945 2057 dors

115 2077 186 2096 sum
209 2069 281 2096 nasi
314 2067 428 2103 tendit,
456 2069 556 2095 instar
579 2066 614 2096 A.
637 2068 811 2097 maxillaris
831 2071 977 2097 internae
999 2068 1112 2098 Anatis
1136 2075 1168 2098 et
1191 2069 1349 2101 Gallinae.

265 2109 299 2144 2)
321 2109 478 2144 Medium,
503 2111 673 2144 minorem,
703 2121 851 2150 prorsum
873 2111 1057 2141 tendentem
1081 2117 1223 2141 et.ramo
1243 2114 1339 2141 tertio
1362 2115 1521 2151 junctum.

265 2150 299 2188 3)
321 2151 504 2185 Internum,
523 2153 580 2189 qui
605 2151 643 2180 ad
664 2153 749 2182 latus
783 2159 950 2192 aperturae
969 2156 1040 2183 nasi
1066 2156 1250 2194 posterioris
1282 2154 1432 2188 decurrit,
1461 2159 1492 2183 et
1522 2158 1595 2183 ante
1616 2153 1726 2183 dentes
1748 2156 1939 2193 asperrimos

117 2194 291 2222 anteriores
321 2193 423 2232 palati
446 2204 570 2222 ramum
593 2196 696 2223 mittit
717 2196 872 2230 nasalem,
904 2198 962 2234 qui
985 2198 1020 2224 in
1048 2199 1191 2237 margine
1213 2199 1342 2226 interno
1374 2198 1473 2236 partis
1500 2196 1664 2235 palatinae
1687 2198 1765 2225 ossis
1789 2197 1939 2226 maxillae

116 2236 290 2276 superioris
316 2235 469 2272 ascendit,
499 2241 674 2266 retrorsum
695 2238 879 2277 paullulum
903 2238 1055 2278 greditur,
1077 2245 1110 2269 et
1131 2241 1255 2280 pariete
1277 2242 1442 2279 superiore
1462 2241 1561 2279 partis
1580 2239 1746 2279 palatinae
1769 2241 1850 2269 ossis
1874 2249 1942 2268 ma-

269 2335 317 2368 13)
339 2336 534 2369 Tiedemann,
561 2338 582 2364 1.
607 2347 631 2363 c.
651 2338 674 2371 ἓ.
692 2340 752 2368 495.
776 2341 801 2366 5.

269 2371 317 2405 14)
340 2371 537 2404 Tiedemann‚
557 2372 577 2399 l.
601 2382 625 2399 c.
649 2375 675 2407 §.
696 2371 756 2403 495.
776 2377 802 2401 3.

1512 2409 1581 2439 132
