2049 2830
850 226 900 233 —--
963 218 986 232 Ρ
1047 228 1093 234 .-

970 232 981 256 l

208 318 256 349 Ex
275 317 309 347 A.
334 317 483 352 carotide,
505 319 590 346 circa
611 317 775 356 laryngem
795 316 993 351 inferiorem,
1017 316 1098 345 haec
1119 325 1194 345 vasa
1215 317 1374 350 oriuntur,
1399 319 1430 344 et
1453 314 1600 354 quidem:

779 375 803 404 1.
868 374 885 402 I
906 385 929 403 n
972 374 1002 403 A
1022 386 1044 404 n
1068 386 1084 404 a
1108 380 1121 404 t
1143 385 1167 403 e.

210 438 240 474 a)
260 435 300 465 A.
325 434 543 470 bronchiali53
564 435 600 462 in
622 444 747 462 ramum
771 435 968 473 superiorem
991 439 1022 462 et
1040 433 1226 462 inferiorem
1251 432 1398 462 discedit.
1442 432 1568 460 Primus
1589 432 1705 463 horum
1727 434 1767 463 ad
1788 435 1886 464 bron-

59 479 155 508 chum
176 481 227 507 sui
250 479 359 507 lateris
383 482 415 506 et
434 477 589 515 parietem
611 477 804 504 anteriorem
828 475 967 514 laryngis
990 476 1154 504 inferioris
1172 475 1398 514 proficiscitur.
1444 473 1586 503 Inferior
1601 475 1788 514 pulmonem
1809 478 1886 507 adit.

208 521 244 556 b)
267 519 307 549 A.
331 518 541 557 oesophagea,
562 524 686 557 partem
709 517 892 556 oesophagi,
914 528 997 556 pone
1021 518 1185 556 laryngem
1207 518 1396 547 inferiorem
1419 516 1610 546 collocatam
1630 520 1722 557 petit.
1751 518 1782 555 ³)

211 563 242 599 c)
265 561 398 590 Ramuli
419 560 529 599 plures
554 559 593 588 ad
615 560 809 599 glandulam,
828 558 866 588 A.
891 559 1025 589 carotidi
1047 560 1303 588 incumbentem.

208 604 242 641 d)
265 604 386 631 Ramus
408 604 521 641 major,
553 602 692 631 discedit
713 604 764 630 in:

209 645 260 682 aa)
283 644 458 674 Ramulum
479 644 613 673 alterum
638 644 677 672 ad
699 643 886 683 glandulam
918 646 1010 683 cujus
1033 646 1233 673 mentionem
1253 646 1320 682 jam
1342 642 1416 674 feci.

205 688 265 725 bb>
289 686 465 715 Ramulum
489 686 529 714 ad
552 686 779 726 oesophagum,
800 691 899 724 atque

207 731 256 765 cc)
282 728 457 757 Ramulum
485 733 518 757 et
540 728 579 756 ad
602 728 817 767 oesophagum
843 733 875 756 et
901 727 1065 767 laryngem
1095 727 1283 757 inferiorem
1306 726 1500 756 tendentem.

209 772 314 810 Caput
335 780 445 799 versus
466 769 681 809 progrediens,
706 769 861 799 dividitur
882 771 934 797 in:

209 813 264 849 dd)
287 813 436 845 Ramum,
461 814 530 850 qui,
556 812 657 841 latere
688 810 829 845 sinistro,
859 814 1015 851 parietem
1036 814 1245 851 posteriorem
1263 810 1415 840 tracheae
1443 816 1476 840 et
1500 811 1716 850 oesophagum
1743 812 1889 851 adgredi-

57 861 119 889 tur,
143 860 240 893 atque
261 864 334 883 cum
355 852 392 882 A.
415 853 615 892 oesophagea
637 853 862 887 descendente,
887 854 1033 882 confluit.
1079 854 1167 882 Idem
1192 864 1299 882 ramus
1322 853 1430 882 lateris
1455 852 1574 886 dextri,
1598 854 1635 882 ad
1668 854 1885 893 oesophagum

57 897 198 925 ramulos
222 907 295 925 suos
318 901 446 924 tantum
470 898 581 930 mittit,
604 902 637 924 et
659 906 732 924 cum
752 894 789 924 A.
812 896 1009 935 oesophagea
1033 896 1247 925 descendente
1269 905 1335 924 non
1357 897 1578 924 committitur.

207 939 256 974 ee)
279 937 318 966 A.
345 937 534 966 cervicalem
560 937 784 966 ascendentem
809 940 961 972 anticam,
981 949 1075 976 quae,
1098 943 1195 976 caput
1214 947 1321 966 versus
1344 937 1566 977 progrediens,
1598 939 1633 965 in
1663 937 1746 966 MM.
1770 938 1886 966 subcu-

57 985 169 1010 taneos
192 985 225 1008 et
244 985 351 1008 cutem
376 979 453 1008 colli
476 979 679 1019 dispergitur.

207 1023 292 1050 Tum
316 1021 353 1050 A.
376 1023 491 1049 carotis
514 1020 551 1050 A.
578 1021 791 1051 vertebralem
813 1023 943 1049 emittit.

660 1079 703 1107 ΙΙ.
746 1080 787 1107 in
811 1078 985 1107 Gallina
1025 1079 1274 1118 gallinacea.

207 1139 238 1174 a)
261 1136 309 1167 Ex
332 1143 471 1175 utraque
492 1135 529 1165 A.
552 1136 692 1166 carotide
717 1139 893 1171 communi,
916 1137 1059 1165 ramulus
1082 1140 1193 1171 oritur,
1215 1138 1435 1177 oesophagum
1461 1142 1492 1166 et
1514 1135 1677 1166 tracheam
1704 1137 1822 1166 adiens.
1850 1138 1882 1173 4)

209 1180 244 1216 b)
275 1179 323 1207 Ex
344 1190 382 1208 ea
400 1179 510 1208 lateris
531 1181 666 1213 sinistri,
692 1189 800 1207 ramus
825 1181 937 1213 oritur,
960 1178 998 1207 A.
1022 1182 1188 1208 coronaria
1210 1181 1365 1218 ingluviei
1385 1181 1545 1218 posterior
1566 1179 1798 1213 nominandus,
1825 1182 1882 1217 qui

59 1222 200 1250 ramulos
226 1221 401 1250 nonnullos
432 1222 533 1249 mittit
556 1221 595 1249 ad
618 1220 804 1259 glandulam
825 1219 864 1249 A.
889 1220 1022 1249 carotidi
1043 1223 1208 1250 communi
1228 1222 1480 1255 incumbentem,
1505 1226 1575 1249 tum
1603 1223 1757 1260 parietem
1778 1226 1884 1260 poste-

60 1266 177 1292 riorem
198 1263 356 1302 ingluviei
375 1265 468 1301 petit,
489 1264 523 1290 in
546 1262 630 1290 latus
653 1263 820 1290 sinistrum
852 1262 947 1300 hujus
977 1262 1190 1298 distribuitur,
1221 1264 1438 1302 oesophagum
1464 1263 1616 1296 ascendit,
1640 1263 1781 1291 ramulos
1805 1273 1884 1291 non-

62 1306 168 1334 nullos
202 1307 320 1345 parieti
340 1307 509 1344 posteriori
532 1304 679 1333 tracheae
701 1306 831 1343 spargit,
861 1309 893 1332 et
912 1314 985 1332 cum
1007 1304 1132 1333 ramulo
1153 1303 1191 1333 A.
1216 1305 1436 1344 oesophageae
1458 1304 1691 1338 descendentis,
1714 1305 1859 1334 confluit.

694 1362 755 1390 ΙΙΙ,
807 1362 856 1389 In
888 1360 1070 1391 Falcone
1103 1363 1244 1393 milvo.

210 1421 332 1449 Ramus
354 1422 478 1460 primus
502 1419 540 1449 A.
567 1419 717 1448 carotidis
740 1422 927 1454 communis,
951 1431 1040 1449 ramo
1064 1420 1091 1449 d.
1114 1424 1139 1460 §-
1161 1418 1188 1450 4.
1210 1427 1243 1450 et
1265 1431 1353 1450 ramo
1377 1432 1404 1450 a.
1427 1424 1453 1459 §.
1476 1421 1506 1450 5.
1531 1420 1644 1450 Anatis
1669 1425 1881 1461 aequiparan-

62 1465 119 1493 dus
143 1469 206 1499 est3
227 1465 349 1491 etenim
368 1462 486 1490 ramuli
509 1465 578 1500 ejus
600 1467 724 1501 partem
744 1461 927 1501 oesophagi,
950 1464 985 1491 in
1006 1468 1095 1502 parte
1117 1465 1282 1503 superiore
1304 1464 1445 1492 thoracis
1467 1463 1618 1497 locatam,
1638 1464 1824 1502 glandulam
1840 1465 1880 1493 A.

61 1505 196 1534 carotidi
222 1515 335 1534 comm.
368 1503 563 1543 impositam,
588 1503 757 1537 bronchos,
784 1504 973 1533 inferiorem
1002 1505 1151 1534 tracheae
1174 1512 1308 1545 partem,
1336 1511 1441 1534 cutem
1461 1508 1606 1539 cervicis,
1637 1511 1734 1544 atque
1757 1517 1883 1535 muscu-

36 1568 40 1571 <
60 1548 119 1581 los,
142 1547 292 1587 scapulae
314 1551 346 1575 et
363 1546 511 1575 furculae
534 1548 681 1579 insertos,
705 1546 835 1575 adeunt.
882 1546 988 1581 Porro,
1020 1548 1140 1576 collum
1163 1548 1318 1582 ascendit,
1340 1559 1477 1577 nervum
1499 1558 1616 1587 vagum
1639 1551 1882 1582 concomitatur,

60 1595 93 1618 et
115 1600 187 1618 cum
211 1588 245 1617 A.
267 1589 469 1628 oesophagea
491 1588 707 1617 descendente
728 1591 950 1617 committitur.
1005 1590 1126 1618 Ramus
1156 1590 1266 1619 lateris
1298 1592 1434 1625 sinistri,
1462 1592 1616 1630 parietem
1641 1593 1798 1629 posticam
1819 1596 1882 1619 tra-

61 1632 159 1661 cheae
183 1631 264 1667 adit;
284 1630 372 1660 idem
395 1631 504 1659 lateris
527 1631 638 1663 dextri,
662 1631 823 1659 ramulum
845 1641 941 1670 supra
961 1632 1150 1671 ingluviem,
1175 1634 1214 1663 ad
1233 1633 1451 1673 oesophagum
1473 1634 1582 1661 mittit.

873 1738 942 1774 .§.
989 1735 1018 1768 5.

655 1799 697 1832 A.
750 1774 1269 1846 ve‘rcebralis.⁵)

210 1885 248 1913 In
258 1883 425 1923 superficie
442 1889 568 1913 externa
583 1883 617 1914 A.
634 1884 790 1914 carotidis¹
800 1894 914 1915 comm.
931 1887 1043 1920 oritur,
1058 1896 1093 1914 ac
1107 1885 1290 1926 paullulum
1301 1886 1492 1926 procedenS,
1509 1887 1654 1916 canalem
1664 1897 1756 1916 suum
1771 1889 1879 1916 intrat.

772 1943 798 1973 Ι.
859 1943 920 1979 Ι,ιι
964 1942 1210 1981 Anate.‚

210 1999 394 2038 Antequam
415 2003 528 2029 arteria
551 2001 628 2030 haec
650 2001 794 2031 canalem
816 2002 1005 2041 ingreditur,
1026 2013 1151 2032 ramum
1172 2006 1284 2038 mittit,
1312 2004 1453 2034 divisum
1477 2007 1528 2034 in:

211 2043 242 2079 a)
275 2041 313 2072 A.
336 2047 548 2072 transversam
574 2046 726 2078 cervicis,
758 2054 843 2083 quae
864 2050 978 2084 cutem
1012 2048 1142 2075 cervicis
1163 2050 1194 2074 et
1214 2044 1300 2076 MM.
1325 2049 1425 2086 partis
1457 2049 1629 2087 superioris
1653 2048 1803 2087 scapulae
1825 2047 1879 2076 ad-

61 2084 202 2125 greditur
222 2089 256 2113 et
407 2120 409 2123 ι
508 2100 511 2102 ’
887 2115 889 2117 .
1018 2096 1021 2101 ’
1223 2094 1227 2098 “

211 2121 248 2164 B)
268 2124 303 2154 A.
325 2126 516 2155 cervicalem
541 2127 779 2172 ascendentem¹
791 2131 958 2168 posticam.
1004 2124 1101 2163 Haec,
1130 2135 1216 2159 retro
1239 2133 1339 2171 magis
1361 2131 1441 2160 flexa
1462 2142 1561 2170 quam
1584 2131 1623 2160 A.
1650 2132 1814 2161 cervicalis
1835 2142 1881 2160 as-

63 2168 201 2198 cendens
225 2169 341 2201 antica,
365 2178 502 2197 nervum
521 2179 639 2208 vagum
662 2173 893 2206 concomitans,
916 2177 1021 2211 ¹caput
1047 2182 1157 2202 versus
1179 2170 1389 2213 progreditur,
1419 2179 1451 2203 et
1482 2184 1554 2203 cum
1577 2173 1613 2202 A.
1642 2174 1790 2204 cervicali
1813 2173 1883 2203 des-

63 2210 218 2239 cendente
248 2210 287 2247 (§·
309 2207 339 2241 7.
359 2210 403 2248 g.)
427 2211 571 2240 confluit.

69 2274 554 2283 ————.—.——.

212 2306 226 2328 3
267 2304 471 2330 Tiedemann's
490 2304 642 2340 Zoologie,
662 2307 694 2332 B.
716 2309 740 2333 2.
764 2307 789 2340 §.
809 2305 870 2337 [194.

213 2340 230 2363 4
264 2338 457 2370 Tiedemann,
476 2339 497 2364 l.
521 2348 545 2364 c.
566 2340 589 2372 ἓ.
612 2338 671 2369 &94⁴-

214 2306 244 2407 5}
266 2372 452 2398 Tiedemann
469 2373 490 2398 1.
513 2382 537 2398 c.
561 2375 585 2406 §.
607 2372 667 2403 2194.
740 2374 848 2400 Cuvier
868 2375 888 2400 1.
911 2383 934 2400 c.
955 2384 984 2409 p.
1006 2376 1064 2403 267.
