2049 2830
842 243 925 254 ι-
986 228 1154 258 20-

115 344 151 368 ut
170 339 282 367 tertius
306 335 417 372 Anatis
440 334 590 363 decurrit.
634 334 765 361 Triente
785 331 950 369 superiore
971 330 1070 357 cruris
1093 330 1128 356 in
1147 338 1272 356 ramum
1303 329 1496 356 anteriorem
1522 331 1555 355 et
1582 327 1792 365 posteriorem
1810 326 1925 357 dividi-

113 387 175 409 tur.
220 379 376 411 Anterior‚
400 379 484 406 inter
504 377 618 404 tibiam
641 380 673 403 et
696 373 830 402 fibulam
855 371 892 399 ad
916 372 1000 399 latus
1022 373 1163 399 anterius
1186 371 1285 398 cruris
1307 372 1424 398 transit
1447 374 1479 398 et
1507 370 1608 396 instar
1635 367 1671 398 A.
1695 369 1818 398 tibialis
1841 371 1923 398 anti-

114 433 170 450 cae
192 421 298 450 Anatis
321 420 467 448 decurrit.
511 417 674 452 Posterior,
699 418 733 444 in
761 416 860 442 latere
884 415 1058 452 posteriore
1089 415 1187 441 cruris
1219 413 1384 451 permanet
1412 417 1445 440 et
1476 410 1650 439 nonnullos
1681 413 1782 439 mittit
1814 421 1920 440 ramos

113 463 318 492 musculares.
361 462 473 500 Usque
495 459 536 488 ad
562 459 662 487 finem
690 457 776 486 hunc
802 457 956 495 persequi
990 455 1071 483 mihi
1106 465 1173 484 non
1197 456 1342 494 contigit,
1373 456 1451 492 quia
1477 463 1514 482 eo
1546 463 1652 492 usque
1679 463 1750 483 cera
1781 453 1922 492 repletus

116 516 182 534 non
213 510 285 533 est.·

656 561 716 590 111.
784 561 845 589 In
888 560 1145 589 Falcone
1187 559 1378 588 milvo.

262 625 424 652 Decursus
449 627 481 650 et
503 621 618 650 divisio
640 618 674 648 A.
697 619 898 654 ischiafficae,
919 629 1022 656 usque
1044 617 1082 646 ad
1106 617 1275 656 poplitem,
1297 627 1364 645 non
1385 616 1479 644 aliter
1497 626 1532 644 ac
1553 617 1589 642 in
1605 614 1711 644 Anate
1733 626 1767 644 se
1791 615 1922 645 habent.

266 665 297 703 1)
322 664 358 692 A.
382 664 495 692 suralis
518 665 555 691 in
575 662 657 690 MM.
677 662 847 690 flexoribus
873 661 1043 699 digitorum
1065 659 1261 698 profundum
1282 663 1312 687 et
1335 658 1507 686 sublimem
1528 657 1634 685 locata
1653 663 1701 685 est
1732 663 1765 686 et
1785 660 1821 686 in
1844 658 1924 687 duos

117 707 268 737 dividitur
289 716 401 738 ramOS,
421 716 524 743 usque
547 704 586 733 ad
610 704 779 733 articulum
800 705 878 731 tarsi
897 703 1108 731 decurrentes.
1152 702 1272 729 Bauius
1294 701 1391 739 hujus
1418 699 1458 729 ad
1482 699 1565 728 MM.
1586 702 1835 738 gastrocnemios
1864 702 1924 729 mi-

119 760 186 784 nor,
209 751 309 788 major
330 758 416 777 vero.

264 791 297 826 2)
321 790 359 817 In
382 789 464 817 MM.
490 789 737 827 gastrocnemios
760 786 963 827 dispergitur.
1008 784 1041 821 ὅ)
1062 783 1251 813 Articularis
1274 794 1369 822 genu.

263 828 296 869 4)
318 832 362 860 Ut
382 841 460 859 ram.
485 830 514 867 2,
538 829 571 866 5)
592 834 629 858 ut
646 839 724 860 ram,
746 825 776 857 4.
803 829 825 856 Α
848 828 1011 868 popliteae
1035 826 1150 855 Anatis
1174 837 1208 855 se
1238 826 1372 854 liabent.

957 910 984 949 ᾧ.
1030 910 1081 940 25.

826 974 851 1002 Ι.
915 971 1207 1002 InAnate.

264 1035 300 1066 A.
325 1041 421 1069 aorta,
442 1033 478 1063 A.
498 1033 673 1063 ischiadica
702 1034 826 1068 amissa,
856 1037 1011 1069 tanquam
1043 1031 1079 1060 A.
1112 1031 1308 1059 sacramedia
1337 1032 1545 1059 continuatur
1569 1029 1638 1067 ²⁹);
1671 1030 1780 1070 plures
1805 1031 1924 1058 emittit

116 1077 152 1107 A.
173 1079 308 1107 sacrales
329 1077 476 1106 laterales
498 1078 547 1114 (in
569 1076 668 1105 altera
687 1073 793 1103 Anate
816 1080 991 1114 praeterea,
1010 1073 1112 1102 latere
1132 1074 1249 1109 dextro,
1271 1072 1308 1102 A.
1331 1073 1488 1109 renalem)
1509 1078 1542 1102 et
1563 1075 1653 1113 apice
1677 1074 1756 1101 ossis
1780 1074 1861 1100 sacri
1889 1074 1925 1099 in

117 1127 253 1159 quatuor
276 1123 412 1159 partitur
434 1129 548 1147 ramos.

266 1162 297 1198 1)
318 1162 356 1191 In
378 1160 415 1190 A.
437 1162 679 1189 mesentericam
701 1158 898 1187 inferiorem.
942 1156 1069 1186 Medius
1092 1166 1210 1192 eorum7
1230 1158 1265 1185 in
1286 1156 1364 1185 duos
1388 1155 1543 1186 dividitur
1562 1166 1677 1185 ramos.

264 1205 295 1240 a)
317 1203 564 1236 Ascendentem,
587 1202 645 1239 qui
668 1202 860 1229 intestinum
886 1205 1010 1228 rectum
1041 1199 1186 1227 ascendit
1217 1204 1249 1227 et
1271 1209 1345 1227 cum
1370 1208 1459 1227 ramo
1492 1201 1595 1237 primo
1628 1196 1662 1227 A.
1690 1199 1924 1227 mesentericae

115 1247 285 1285 superioris
307 1247 526 1273 committitur.

264 1288 299 1324 b)
320 1286 587 1320 Descendentem,
609 1285 645 1312 in
668 1288 791 1323 partem
811 1282 957 1310 infimam
978 1283 1126 1309 intestini
1153 1283 1234 1309 recti
1264 1285 1296 1309 et
1325 1281 1467 1309 cloacam
1491 1280 1678 1320 dispersum.

195 1363 197 1366 .
266 1329 299 1365 2)
323 1334 353 1357 et
374 1327 408 1364 3)
432 1329 472 1356 In
495 1326 529 1358 Α.
549 1326 684 1354 sacrales
708 1330 851 1353 externas
881 1324 1118 1353 Tiedemannii.
1167 1323 1257 1351 Inter
1283 1333 1448 1361 processus
1476 1328 1674 1351 transversos
1702 1322 1922 1352 vertebrarum

118 1372 260 1409 coccygis
281 1373 403 1410 primae
426 1375 457 1399 et
474 1367 632 1397 secundae
653 1370 822 1395 transeunt
847 1371 878 1394 et
902 1365 1042 1393 ramulos
1064 1366 1208 1400 mittunt,
1233 1364 1272 1392 ad
1292 1364 1466 1398 musculos,
1486 1364 1652 1403 glandulas
1673 1369 1705 1393 et
1726 1369 1833 1392 eutem
1853 1373 1921 1391 coc-

119 1415 212 1451 cygis,
237 1412 412 1441 nonnullos
437 1411 475 1439 ad
498 1415 636 1438 ureteres
661 1414 692 1437 et
715 1408 828 1436 ductus
853 1407 1032 1435 deferentes
1055 1412 1152 1444 atque
1179 1417 1279 1434 unum
1304 1406 1343 1434 ad
1364 1406 1492 1434 bursam
1513 1407 1665 1435 Fabricii.

265 1451 300 1490 4)
328 1452 364 1484 A.
392 1462 564 1491 coccygcae
601 1452 766 1478 anterioris
793 1452 894 1477 instar
921 1451 1144 1489 continuatum
1178 1448 1286 1487 plures
1313 1448 1454 1477 ramulos
1480 1450 1581 1476 mittit
1609 1447 1648 1476 ad
1678 1447 1760 1476 MM.
1789 1447 1920 1476 flexores

120 1497 272 1535 coccygis,
292 1495 455 1533 hujusque
478 1494 624 1523 vertebra
646 1492 759 1520 ultima
781 1491 904 1520 finitur.

265 1537 307 1566 Et
328 1540 374 1566 ita
395 1537 545 1565 decursus
567 1540 598 1564 et
620 1534 802 1562 distributio
822 1532 861 1561 A.
885 1542 993 1561 sacrae
1015 1531 1139 1561 mediae
1160 1533 1196 1560 in
1217 1531 1358 1560 Falcone
1380 1542 1414 1560 se
1435 1531 1568 1560 habent.

578 1597 622 1625 11.
687 1595 745 1625 In
789 1595 1044 1623 Gallina
1087 1594 1450 1633 gallinacea.

268 1658 300 1694 1)
321 1656 360 1686 A.
390 1657 600 1686 mesenterica
632 1655 733 1693 prius,
762 1664 779 1682 e
807 1655 930 1692 pariete
963 1654 1121 1681 anteriore
1148 1651 1182 1680 A.
1210 1662 1318 1681 sacrae
1348 1652 1483 1686 mediae,
1512 1662 1610 1690 quam
1633 1653 1779 1690 partitur,
1810 1653 1920 1681 oritur.

119 1702 278 1729 Decursus
300 1703 380 1738 ejus,
402 1705 438 1727 nt
463 1701 498 1726 in
517 1696 622 1724 Anate
642 1707 675 1724 se
698 1696 805 1723 habet.
850 1697 934 1723 Tum
957 1694 992 1723 A.
1018 1705 1107 1723 sacra
1128 1694 1233 1722 media
1256 1693 1393 1722 discedit
1413 1696 1448 1722 in
1471 1700 1535 1723 tres
1557 1704 1671 1724 ramos,

266 1743 299 1778 2)
323 1747 354 1770 et
374 1740 407 1777 3)
433 1742 491 1779 qui
519 1740 717 1777 aequiparari
745 1742 880 1776 possunt
907 1738 1002 1764 ramis
1032 1736 1060 1764 2.
1083 1741 1115 1764 et
1135 1735 1165 1764 3.
1185 1735 1221 1764 A.
1248 1746 1356 1765 sacrae
1379 1736 1505 1766 mediae
1525 1735 1647 1772 Anatis,
1670 1744 1794 1764 ramum
1817 1741 1923 1765 autem

119 1786 250 1815 mittunt
276 1783 314 1812 ad
342 1788 466 1822 partem
487 1781 634 1809 infimam
656 1779 799 1808 oviducti
822 1778 874 1812 (A.
900 1779 1042 1807 oviducti
1062 1779 1172 1814 tertia)
1202 1783 1250 1806 et:

266 1823 300 1862 4)
323 1825 363 1854 ln
384 1824 422 1853 A.
443 1833 629 1862 coccygeam
652 1823 854 1855 anteriorem,
876 1823 924 1849 uti
947 1823 982 1849 in
1002 1820 1106 1849 Anate
1129 1820 1362 1849 decurrentem.

955 1907 981 1942 ς.
1027 1902 1077 1933 26.

764 1968 807 2002 A.
851 1966 1275 2013 pulmonalis.

268 2037 295 2065 E
318 2035 497 2065 ventriculo
522 2033 628 2063 dextro
649 2031 751 2061 cordis
773 2034 899 2066 emissa,
930 2034 1148 2061 sinistrorsum
1176 2030 1359 2070 paullulum
1386 2041 1487 2065 versa,
1516 2030 1660 2060 ascendit
1689 2035 1721 2060 et
1748 2030 1834 2058 infra
1862 2036 1926 2059 tra-

124 2078 233 2107 cheam
255 2081 289 2107 in
310 2078 346 2106 A.
368 2077 590 2117 pulmonalem
612 2075 750 2104 dextram
774 2079 806 2102 et
827 2076 1002 2109 sinistram,
1026 2080 1100 2102 ante
1123 2073 1282 2102 bronchos
1310 2073 1473 2112 pulmonis
1497 2072 1713 2114 parenchyma
1741 2072 1924 2112 ingredien-

122 2126 178 2156 tes,
197 2120 394 2160 dispescitur.
439 2119 603 2152 Ramulos,
626 2117 664 2146 ad
688 2127 795 2145 saccos
818 2127 843 2145 s.
869 2117 1002 2146 cellulas
1027 2120 1146 2152 aereas,
1171 2126 1237 2145 non
1263 2117 1378 2155 reperi.

1595 2163 1617 2177 v-

270 2229 318 2263 29)
339 2228 530 2262 Tiedemann,
548 2228 569 2253 l.
590 2237 615 2254 c.
637 2228 661 2260 §.
684 2229 746 2258 507.
